<DOCUMENT filename="curricula X.bib">


%%%%%%
%%%%%%
%



     %%\bibdef{Damas, Luis. Linguagem C. Rio de Janeiro: LTC, c2007. ISBN 9788521615194}
@book{damas2007,
  author = {Damas, Luis},
  title = {Linguagem C},
  publisher = {LTC},
  address = {Rio de Janeiro},
  year = {2007},
  note = {c2007},
  isbn = {9788521615194}
}

     

     %%\bibdef{Nina Edelweiss e Maria Aparecida Castro Livi.. Algoritmos e Programação: com exemplos em Pascal e C. Série de Livros Didáticos Informática UFRGS. Porto Alegre: Bookman, 2014. ISBN 9788582601891}
@book{edelweiss2014,
  author = {Edelweiss, Nina and Livi, Maria Aparecida Castro},
  title = {Algoritmos e Programação: com exemplos em Pascal e C},
  series = {Série de Livros Didáticos Informática UFRGS},
  publisher = {Bookman},
  address = {Porto Alegre},
  year = {2014},
  isbn = {9788582601891}
}

     

     %%\bibdef{Salvetti, Dirceu Douglas; Barbosa, Lisbete Madsen. Algoritmos. Sao Paulo: Makron Books, c1998. ISBN 853460715X}
@book{salvetti1998,
  author = {Salvetti, Dirceu Douglas and Barbosa, Lisbete Madsen},
  title = {Algoritmos},
  publisher = {Makron Books},
  address = {Sao Paulo},
  year = {1998},
  note = {c1998},
  isbn = {853460715X}
}

     

     %%\bibdef[basic]{Deitel, Harvey M.. C How to Program. Estados Unidos: Prentice-Hall, 2007. ISBN 9780132404167}
@book{deitel2007,
  author = {Deitel, Harvey M.},
  title = {C How to Program},
  publisher = {Prentice-Hall},
  address = {Estados Unidos},
  year = {2007},
  isbn = {9780132404167}
}

     

     %%\bibdef[basic]{Goodrich, Michael T.; Tamassia, Roberto. Projeto de algoritmos :fundamentos, análise e exemplos da internet. Porto Alegre: Bookman, 2004. ISBN 8536303034}
@book{goodrich2004,
  author = {Goodrich, Michael T. and Tamassia, Roberto},
  title = {Projeto de algoritmos :fundamentos, análise e exemplos da internet},
  publisher = {Bookman},
  address = {Porto Alegre},
  year = {2004},
  isbn = {8536303034}
}

     

     %%\bibdef[basic]{Harbison, Samuel P., III. Steele, Guy L., Jr.. C: manual de referência. Rio de Janeiro: Ciência Moderna, 2002. ISBN 8573932295}
@book{harbison2002,
  author = {Harbison, Samuel P., III and Steele, Guy L., Jr.},
  title = {C: manual de referência},
  publisher = {Ciência Moderna},
  address = {Rio de Janeiro},
  year = {2002},
  isbn = {8573932295}
}

     

     %%\bibdef[basic]{Kernighan, Brian W.; Ritchie, Dennis M.. The C programming language. Englewood Cliffs: Prentice Hall, c1988. ISBN 0131103628}
@book{kernighan1988,
  author = {Kernighan, Brian W. and Ritchie, Dennis M.},
  title = {The C programming language},
  publisher = {Prentice Hall},
  address = {Englewood Cliffs},
  year = {1988},
  note = {c1988},
  isbn = {0131103628}
}

     

     %%\bibdef[basic]{Orth, Afonso Inacio. Algoritmos e programação :com resumo das linguagens pascal e C. Porto Alegre: AIO, c2001}
@book{orth2001,
  author = {Orth, Afonso Inacio},
  title = {Algoritmos e programação :com resumo das linguagens pascal e C},
  publisher = {AIO},
  address = {Porto Alegre},
  year = {2001},
  note = {c2001}
}

     

     %%\bibdef[basic]{Senne, Edson Luiz França. Curso de programação em C. São Paulo: Visual Books, 2009. ISBN 9788575022450}
@book{senne2009,
  author = {Senne, Edson Luiz França},
  title = {Curso de programação em C},
  publisher = {Visual Books},
  address = {São Paulo},
  year = {2009},
  isbn = {9788575022450}
}

     

     %%\bibdef[basic]{Ziviani, N.. Projeto de Algoritmos Com Implementações em Pascal e C. THOMSON PIONEIRA, 2004. ISBN 8522103909}
@book{ziviani2004,
  author = {Ziviani, N.},
  title = {Projeto de Algoritmos Com Implementações em Pascal e C},
  publisher = {THOMSON PIONEIRA},
  year = {2004},
  isbn = {8522103909}
}

     


%%%%%%
%%%%%%
%



      %%\bibdef{Howard Anton; Irl C. Bivens; Stephen L. Davis. Cálculo - Volume 1. Porto Alegre: Bookman, 2014. ISBN 9788582602256}
@book{anton2014,
  author = {Anton, Howard and Bivens, Irl C. and Davis, Stephen L.},
  title = {Cálculo - Volume 1},
  publisher = {Bookman},
  address = {Porto Alegre},
  year = {2014},
  isbn = {9788582602256}
}

      

      %%\bibdef[basic]{Rogawski, Jon;. Cálculo - Vol. 1. Porto Alegre: Bookman, 2009. ISBN 9788577802708}
@book{rogawski2009,
  author = {Rogawski, Jon},
  title = {Cálculo - Vol. 1},
  publisher = {Bookman},
  address = {Porto Alegre},
  year = {2009},
  isbn = {9788577802708}
}

      

      %%\bibdef[compl]{Avila, Geraldo Severo de Souza. Cálculo. Rio de Janeiro: LTC, 2003 - 2006. ISBN 8521613709 (v. 1); 8521613997 (v. 2); 8521615019 (v. 3)}
@book{avila2003,
  author = {Avila, Geraldo Severo de Souza},
  title = {Cálculo},
  publisher = {LTC},
  address = {Rio de Janeiro},
  year = {2003--2006},
  isbn = {8521613709 (v. 1); 8521613997 (v. 2); 8521615019 (v. 3)}
}

      

      %%\bibdef[compl]{Hughes-Hallet, Deborah. Cálculo. Rio de Janeiro: LTC, c1997. ISBN 8521611021}
@book{hughes1997,
  author = {Hughes-Hallet, Deborah},
  title = {Cálculo},
  publisher = {LTC},
  address = {Rio de Janeiro},
  year = {1997},
  note = {c1997},
  isbn = {8521611021}
}

      

      %%\bibdef[compl]{Larson, Roland E.; Hostetler, Robert P.; Edwards, Bruce H.. Cálculo com geometria analítica. Rio de Janeiro: Livros Técnicos e Científicos, c1998. ISBN 8521611080}
@book{larson1998,
  author = {Larson, Roland E. and Hostetler, Robert P. and Edwards, Bruce H.},
  title = {Cálculo com geometria analítica},
  publisher = {Livros Técnicos e Científicos},
  address = {Rio de Janeiro},
  year = {1998},
  note = {c1998},
  isbn = {8521611080}
}

      

      %%\bibdef[compl]{Shenk, al. Calculo com geometria analitica. Rio de Janeiro: Campus, 1984. ISBN 8570011229; 8570011237; 8570011245; 8570012535}
@book{shenk1984,
  author = {Shenk, al},
  title = {Calculo com geometria analitica},
  publisher = {Campus},
  address = {Rio de Janeiro},
  year = {1984},
  isbn = {8570011229; 8570011237; 8570011245; 8570012535}
}

      

      %%\bibdef[compl]{Simmons, George F.. Cálculo com geometria analítica. São Paulo: Mcgraw-Hill, c1987. ISBN 0074504118}
@book{simmons1987,
  author = {Simmons, George F.},
  title = {Cálculo com geometria analítica},
  publisher = {Mcgraw-Hill},
  address = {São Paulo},
  year = {1987},
  note = {c1987},
  isbn = {0074504118}
}

      

      %%\bibdef[compl]{Stewart, James. Cálculo. São Paulo: Thomson Learning, 2006, c2005. ISBN 8522104794; 9788522104796}
@book{stewart2006,
  author = {Stewart, James},
  title = {Cálculo},
  publisher = {Thomson Learning},
  address = {São Paulo},
  year = {2006},
  note = {c2005},
  isbn = {8522104794; 9788522104796}
}

      

      %%\bibdef[compl]{Strang, Gilbert. Calculus. Cambridge: Wellesley-Cambridge Press, 1991. ISBN 0961408820}
@book{strang1991,
  author = {Strang, Gilbert},
  title = {Calculus},
  publisher = {Wellesley-Cambridge Press},
  address = {Cambridge},
  year = {1991},
  isbn = {0961408820}
}

     


%%%%%%
%%%%%%
%



      %%\bibdef{Halliday, David; Resnick, Robert; Walker, Jearl. Fundamentos de Fí­sica. Rio de Janeiro: GEN-LTC, 2016. ISBN 978-8521630371 (v1); 978-8521630364 (v2)}
@book{halliday2016,
  author = {Halliday, David and Resnick, Robert and Walker, Jearl},
  title = {Fundamentos de Fí­sica},
  publisher = {GEN-LTC},
  address = {Rio de Janeiro},
  year = {2016},
  isbn = {978-8521630371 (v1); 978-8521630364 (v2)}
}

      

      %%\bibdef{Tipler, Paul A.; Mosca, Gene. Física :para cientistas e engenheiros. Rio de Janeiro: LTC, 2009. ISBN 9788521617105 (v.1); 9788521617112 (v.2)}
@book{tipler2009,
  author = {Tipler, Paul A. and Mosca, Gene},
  title = {Física :para cientistas e engenheiros},
  publisher = {LTC},
  address = {Rio de Janeiro},
  year = {2009},
  isbn = {9788521617105 (v.1); 9788521617112 (v.2)}
}

      

      %%\bibdef{Young, Hugh D; Freedman, Roger A. Fí­sica, Sears. São Paulo: Pearson Education do Brasil, 2016. ISBN 978-8543005683 (v1); 978-8543005737 (v2)}
@book{young2016,
  author = {Young, Hugh D and Freedman, Roger A},
  title = {Fí­sica, Sears},
  publisher = {Pearson Education do Brasil},
  address = {São Paulo},
  year = {2016},
  isbn = {978-8543005683 (v1); 978-8543005737 (v2)}
}

      

      %%\bibdef[basic]{Alaor Chaves e J. F. Sampaio. Física Básica - Mecânica. Rio de Janeiro: Livros Técnicos e Científicos, 2007. ISBN 978-85-216-1549-1}
@book{chaves2007,
  author = {Chaves, Alaor and Sampaio, J. F.},
  title = {Física Básica - Mecânica},
  publisher = {Livros Técnicos e Científicos},
  address = {Rio de Janeiro},
  year = {2007},
  isbn = {978-85-216-1549-1}
}

      

      %%\bibdef[basic]{Nussenzveig, Hersh Moyses. Curso de física básica. Sao Paulo: Ed. Edgar Blucher, c2002. ISBN 8521202989 (v.1); 8521202997 (v.2)}
@book{nussenzveig2002,
  author = {Nussenzveig, Hersh Moyses},
  title = {Curso de física básica},
  publisher = {Ed. Edgar Blucher},
  address = {Sao Paulo},
  year = {2002},
  note = {c2002},
  isbn = {8521202989 (v.1); 8521202997 (v.2)}
}

      

      %%\bibdef[basic]{Resnick, Robert; Halliday, David; Krane, Kenneth S.. Física. Rio de Janeiro: LTC Editora, c2003. ISBN 8521613520 (V.1); 9788521613527 (V.1); 8521613687 (V.2); 9788521613688 (V.2); 9788521614067}
@book{resnick2003,
  author = {Resnick, Robert and Halliday, David and Krane, Kenneth S.},
  title = {Física},
  publisher = {LTC Editora},
  address = {Rio de Janeiro},
  year = {2003},
  note = {c2003},
  isbn = {8521613520 (V.1); 9788521613527 (V.1); 8521613687 (V.2); 9788521613688 (V.2); 9788521614067}
}

      

      %%\bibdef[basic]{Serway, Raymond A.; Jewett, Jr., John W.. Princípios de física :. São Paulo: Pioneira Thomson Learning, [2004]. ISBN 8522103828 (v.1); 9788522103829 (v.1); 8522104131 (v.2); 9788522104130 (v.2);}
@book{serway2004,
  author = {Serway, Raymond A. and Jewett, Jr., John W.},
  title = {Princípios de física :},
  publisher = {Pioneira Thomson Learning},
  address = {São Paulo},
  year = {2004},
  isbn = {8522103828 (v.1); 9788522103829 (v.1); 8522104131 (v.2); 9788522104130 (v.2);}
}

      

      %%\bibdef[compl]{Wagner Corradi, Rodrigo Tárcia e colaboradores. Fundamentos de Física I. Belo Horizonte: UFMG, 2010}
@book{corradi2010,
  author = {Corradi, Wagner and Tárcia, Rodrigo and colaboradores},
  title = {Fundamentos de Física I},
  publisher = {UFMG},
  address = {Belo Horizonte},
  year = {2010}
}

     


%%%%%%
%%%%%%
%



      %%\bibdef{Borges, Gladys Cabral de Mello; Barreto, Deli Garcia Olle; Martins, Enio Zago. Noções de geometria descritiva :teoria e exercícios. Porto Alegre: Sagra-Dc Luzzatto, 1998. ISBN 8572370072}
@book{borges1998,
  author = {Borges, Gladys Cabral de Mello and Barreto, Deli Garcia Olle and Martins, Enio Zago},
  title = {Noções de geometria descritiva :teoria e exercícios},
  publisher = {Sagra-Dc Luzzatto},
  address = {Porto Alegre},
  year = {1998},
  isbn = {8572370072}
}

     


%%%%%%
%%%%%%
%



      \classremark{Muda a Súmula}

      %%\bibdef{  BAZZO, Walter Antônio, PEREIRA, Luiz Teixeira do Vale. INTRODUÇÃO À ENGENHARIA: CONCEITOS, FERRAMENTAS E COMPORTAMENTOS. Florianópolis: Editora da UFSC, 2008. ISBN 9788532803566}
@book{bazzo2008,
  author = {Bazzo, Walter Antônio and Pereira, Luiz Teixeira do Vale},
  title = {INTRODUÇÃO À ENGENHARIA: CONCEITOS, FERRAMENTAS E COMPORTAMENTOS},
  publisher = {Editora da UFSC},
  address = {Florianópolis},
  year = {2008},
  isbn = {9788532803566}
}

      

      %%\bibdef{	SEVERINO, Antônio Joaquim. Metodologia do trabalho científico. Editora Cortez Morães, ISBN 978-85-249-1311-2}
@book{severino,
  author = {Severino, Antônio Joaquim},
  title = {Metodologia do trabalho científico},
  publisher = {Editora Cortez Morães},
  isbn = {978-85-249-1311-2}
}

      

      %%\bibdef[basic]{CRESWELL, John W - (ISBN: 978-85-363-0892-0). Projeto de pesquisa: método qualitativo, quantitativo e misto. Editora ARTMED, ISBN 978-85-363-0892-0)}
@book{creswell,
  author = {Creswell, John W},
  title = {Projeto de pesquisa: método qualitativo, quantitativo e misto},
  publisher = {Editora ARTMED},
  isbn = {978-85-363-0892-0}
}

      

      %%\bibdef[compl]{Moraes, Cícero Couto de; Castrucci, Plínio de Lauro. Engenharia de Automação industrial.. Rio de Janeiro: Livros Técnicos e Científicos - LTC, 2001}
@book{moraes2001,
  author = {Moraes, Cícero Couto de and Castrucci, Plínio de Lauro},
  title = {Engenharia de Automação industrial.},
  publisher = {Livros Técnicos e Científicos - LTC},
  address = {Rio de Janeiro},
  year = {2001}
}

     


%%%%%%
%%%%%%
%



      %%\bibdef{Brown, L.S.; Holme, T.A.. Química geral aplicada à engenharia. São Paulo: Cengage Leaning, 2009. ISBN 9788522106882}
@book{brown2009,
  author = {Brown, L.S. and Holme, T.A.},
  title = {Química geral aplicada à engenharia},
  publisher = {Cengage Leaning},
  address = {São Paulo},
  year = {2009},
  isbn = {9788522106882}
}

      

      %%\bibdef{Brown, T.L.; Lemay, H. E.; Bursten, B. E.; Murphy, C. J.; Woodward, P. M.; Stoltzfus, M. W.. Química : a ciência central. São Paulo: Pearson Prentice Hall, 2016. ISBN 9788543005652}
@book{brown2016,
  author = {Brown, T.L. and Lemay, H. E. and Bursten, B. E. and Murphy, C. J. and Woodward, P. M. and Stoltzfus, M. W.},
  title = {Química : a ciência central},
  publisher = {Pearson Prentice Hall},
  address = {São Paulo},
  year = {2016},
  isbn = {9788543005652}
}

      

      %%\bibdef{Kotz, J.C.; Treichel, Junior P.; Townsend J.R.; Treichel, D.A.. Química geral e reações químicas. São paulo: Cengage Learning, 2010. ISBN 9788522106912 (v. 1) / 9788522107544 (v. 2)}
@book{kotz2010,
  author = {Kotz, J.C. and Treichel, Junior P. and Townsend J.R. and Treichel, D.A.},
  title = {Química geral e reações químicas},
  publisher = {Cengage Learning},
  address = {São paulo},
  year = {2010},
  isbn = {9788522106912 (v. 1) / 9788522107544 (v. 2)}
}

      

      %%\bibdef[basic]{Atkins, P.; Jones L.. Princípios de Química; questionando a vida moderna e o meio ambiente. Porto Alegre: Bookman, 2012. ISBN 9781429219556}
@book{atkins2012,
  author = {Atkins, P. and Jones L.},
  title = {Princípios de Química; questionando a vida moderna e o meio ambiente},
  publisher = {Bookman},
  address = {Porto Alegre},
  year = {2012},
  isbn = {9781429219556}
}

      

      %%\bibdef[basic]{Chang R.. Chemistry. New York: Mc Graw Hill, 2010. ISBN 9780077274313}
@book{chang2010,
  author = {Chang R.},
  title = {Chemistry},
  publisher = {Mc Graw Hill},
  address = {New York},
  year = {2010},
  isbn = {9780077274313}
}

      

      %%\bibdef[basic]{Chang R.; Goldsby K.A.. Química. Porto Alegre: McGraw-Hill, 2013. ISBN 8580552559}
@book{chang2013,
  author = {Chang R. and Goldsby K.A.},
  title = {Química},
  publisher = {McGraw-Hill},
  address = {Porto Alegre},
  year = {2013},
  isbn = {8580552559}
}

      

      %%\bibdef[basic]{Russell, J. B.. Química geral. São Paulo: Pearson Makron Books, 1994. ISBN 8534601925 (v.1) / 8534601518 (v.2)}
@book{russell1994,
  author = {Russell, J. B.},
  title = {Química geral},
  publisher = {Pearson Makron Books},
  address = {São Paulo},
  year = {1994},
  isbn = {8534601925 (v.1) / 8534601518 (v.2)}
}

      

      %%\bibdef[basic]{Tro, N. J.. Química - Uma abordagem molecular. São Paulo: LTC-Livros Técnicos e Científicos Editora Ltda., 2017. ISBN 9788521633372 (v. 1) / 9788521633396 (v. 2)}
@book{tro2017,
  author = {Tro, N. J.},
  title = {Química - Uma abordagem molecular},
  publisher = {LTC-Livros Técnicos e Científicos Editora Ltda.},
  address = {São Paulo},
  year = {2017},
  isbn = {9788521633372 (v. 1) / 9788521633396 (v. 2)}
}

      

      %%\bibdef[compl]{Brady, J. E.; Russell, J. W.; Holum, J. R.. Química a matéria e suas transformações. Rio de Janeiro: LTC Livros Técnicos e Científicos Editora S.A., 2009. ISBN 9788521617204 (V.1)/9788521617211 (V.2)}
@book{brady2009,
  author = {Brady, J. E. and Russell, J. W. and Holum, J. R.},
  title = {Química a matéria e suas transformações},
  publisher = {LTC Livros Técnicos e Científicos Editora S.A.},
  address = {Rio de Janeiro},
  year = {2009},
  isbn = {9788521617204 (V.1)/9788521617211 (V.2)}
}

      

      %%\bibdef[compl]{Brady, J.E.; Humiston, G.E.. Química geral. Rio Janeiro: Livros Técnicos e Científicos, 1990. ISBN 9788521604488 (v.1)/9788521604495 (v.2)}
@book{brady1990,
  author = {Brady, J.E. and Humiston, G.E.},
  title = {Química geral},
  publisher = {Livros Técnicos e Científicos},
  address = {Rio Janeiro},
  year = {1990},
  isbn = {9788521604488 (v.1)/9788521604495 (v.2)}
}

      

      %%\bibdef[compl]{Ebbing, D.D.. Química Geral. Rio de Janeiro: LTC Livros Técnicos e Científicos, 1988. ISBN 8521611153 (V.1)/ 8521611277 (V.2)}
@book{ebbing1988,
  author = {Ebbing, D.D.},
  title = {Química Geral},
  publisher = {LTC Livros Técnicos e Científicos},
  address = {Rio de Janeiro},
  year = {1988},
  isbn = {8521611153 (V.1)/ 8521611277 (V.2)}
}

      

      %%\bibdef[compl]{Mahan, B.M.; Myers, R.J.. Química: um curso universitário. São Paulo: Edgard Blücher, 1995. ISBN 9788521200369}
@book{mahan1995,
  author = {Mahan, B.M. and Myers, R.J.},
  title = {Química: um curso universitário},
  publisher = {Edgard Blücher},
  address = {São Paulo},
  year = {1995},
  isbn = {9788521200369}
}

      

      %%\bibdef[compl]{Masterton, W.L.; Slowinski, E.J.; Stanitski, C.L.. Princípios de química. Rio de Janeiro: Guanabara Koogan, 1990. ISBN 8527701561}
@book{masterton1990,
  author = {Masterton, W.L. and Slowinski, E.J. and Stanitski, C.L.},
  title = {Princípios de química},
  publisher = {Guanabara Koogan},
  address = {Rio de Janeiro},
  year = {1990},
  isbn = {8527701561}
}

      




%%%%%%%%%%%%%%%%%%%
%%%%%%%%%%%%%%%%%%%
%%%%%
%%%%% Etapa 02
%%%%%
%%%%%%%%%%%%%%%%%%%
%%%%%%%%%%%%%%%%%%%





%%%%%%
%%%%%%
%



    	%%\bibdef{David C. Lay. Álgebra Linear e suas aplicações. Rio de Janeiro: LTC, 2018. ISBN 9788521634959}
@book{lay2018,
  author = {Lay, David C.},
  title = {Álgebra Linear e suas aplicações},
  publisher = {LTC},
  address = {Rio de Janeiro},
  year = {2018},
  isbn = {9788521634959}
}

        

        %%\bibdef[basic]{Anton, Howard; Rorres, Chris; Doering, Claus Ivo. Álgebra linear :com aplicações. Porto Alegre: Bookman, 2001-2002. ISBN 8573078472; 0471170526 (broch.); 9798573078472}
@book{anton2001,
  author = {Anton, Howard and Rorres, Chris and Doering, Claus Ivo},
  title = {Álgebra linear :com aplicações},
  publisher = {Bookman},
  address = {Porto Alegre},
  year = {2001--2002},
  isbn = {8573078472; 0471170526 (broch.); 9798573078472}
}

    	

    	%%\bibdef[basic]{Gilbert Strang. Introdução à Álgebra Linear. Rio de Janeiro: LTC, 2013. ISBN 9788521623571}
@book{strang2013,
  author = {Strang, Gilbert},
  title = {Introdução à Álgebra Linear},
  publisher = {LTC},
  address = {Rio de Janeiro},
  year = {2013},
  isbn = {9788521623571}
}

    	

    	%%\bibdef[basic]{W. Keith Nicholson. Álgebra Linear. São Paulo: Mcgraw-Hill do Brasil, 2006. ISBN 9788586804922}
@book{nicholson2006,
  author = {Nicholson, W. Keith},
  title = {Álgebra Linear},
  publisher = {Mcgraw-Hill do Brasil},
  address = {São Paulo},
  year = {2006},
  isbn = {9788586804922}
}

    	

    	%%\bibdef[compl]{Boldrini, Jose Luiz; Costa, Sueli I. Rodrigues; Figueiredo, Vera Lucia; Wetzler, Henry G.. Álgebra linear. São Paulo: Harbra, c1986. ISBN 8529402022; 9788529402024}
@book{boldrini1986,
  author = {Boldrini, Jose Luiz and Costa, Sueli I. Rodrigues and Figueiredo, Vera Lucia and Wetzler, Henry G.},
  title = {Álgebra linear},
  publisher = {Harbra},
  address = {São Paulo},
  year = {1986},
  note = {c1986},
  isbn = {8529402022; 9788529402024}
}

    	

    	%%\bibdef[compl]{Lima, Elon Lages. Álgebra linear. Rio de Janeiro: Impa/CNPq, 2006, c2004. ISBN 978-85-244-0089-6}
@book{lima2006,
  author = {Lima, Elon Lages},
  title = {Álgebra linear},
  publisher = {Impa/CNPq},
  address = {Rio de Janeiro},
  year = {2006},
  note = {c2004},
  isbn = {978-85-244-0089-6}
}

    	

    	%%\bibdef[compl]{Lipschutz, Seymour. Algebra linear :teoria e problemas. Sao Paulo: Makron Books do Brasil, c1994. ISBN 8534601976; 9788534601979}
@book{lipschutz1994,
  author = {Lipschutz, Seymour},
  title = {Algebra linear :teoria e problemas},
  publisher = {Makron Books do Brasil},
  address = {Sao Paulo},
  year = {1994},
  note = {c1994},
  isbn = {8534601976; 9788534601979}
}

     


%%%%%%
%%%%%%
%



    	%%\bibdef{Anton, Howard; Bivens, Irl; Davis, Stephen. Cálculo 10ª Edição. Porto Alegre: Bookman, 2014. ISBN 9788582602454 (v.2)}
@book{anton2014v2,
  author = {Anton, Howard and Bivens, Irl and Davis, Stephen},
  title = {Cálculo 10ª Edição},
  publisher = {Bookman},
  address = {Porto Alegre},
  year = {2014},
  isbn = {9788582602454 (v.2)}
}

    	

    	%%\bibdef[basic]{Avila, Geraldo Severo de Souza. Cálculo. Rio de Janeiro: LTC, 2003 - 2006. ISBN 8521613997 (v. 2); 8521615019 (v. 3)}
@book{avila2003v2,
  author = {Avila, Geraldo Severo de Souza},
  title = {Cálculo},
  publisher = {LTC},
  address = {Rio de Janeiro},
  year = {2003--2006},
  isbn = {8521613997 (v. 2); 8521615019 (v. 3)}
}

    	

    	%%\bibdef[basic]{Rogawski, Jon; Adams, Colin. Cálculo, 3ª edição. Porto Alegre, RS: Bookman, 2018. ISBN 9788582604571 (v.2)}
@book{rogawski2018v2,
  author = {Rogawski, Jon and Adams, Colin},
  title = {Cálculo, 3ª edição},
  publisher = {Bookman},
  address = {Porto Alegre, RS},
  year = {2018},
  isbn = {9788582604571 (v.2)}
}

    	

    	%%\bibdef[basic]{Simmons, George F.. Cálculo com geometria analítica. São Paulo: Mcgraw-Hill, c1987. ISBN 0074504118}
@book{simmons1987v,
  author = {Simmons, George F.},
  title = {Cálculo com geometria analítica},
  publisher = {Mcgraw-Hill},
  address = {São Paulo},
  year = {1987},
  note = {c1987},
  isbn = {0074504118}
}

    	

    	%%\bibdef[basic]{Stewart, James. Cálculo, 4ª edição. São Paulo: Cengage Learning, 2017. ISBN 9788522125845}
@book{stewart2017,
  author = {Stewart, James},
  title = {Cálculo, 4ª edição},
  publisher = {Cengage Learning},
  address = {São Paulo},
  year = {2017},
  isbn = {9788522125845}
}

    	

    	%%\bibdef[compl]{Anton, Howard; Bivens, Irl; Davis, Stephen. Cálculo 8ª Edição. Porto Alegre: Bookman, 2007. ISBN 9788560031801 (v.2)}
@book{anton2007v2,
  author = {Anton, Howard and Bivens, Irl and Davis, Stephen},
  title = {Cálculo 8ª Edição},
  publisher = {Bookman},
  address = {Porto Alegre},
  year = {2007},
  isbn = {9788560031801 (v.2)}
}

    	

    	%%\bibdef[compl]{Rogawski, Jon. Cálculo. Porto Alegre, RS: Bookman, 2009. ISBN 9788577802715 (v.2)}
@book{rogawski2009v2,
  author = {Rogawski, Jon},
  title = {Cálculo},
  publisher = {Bookman},
  address = {Porto Alegre, RS},
  year = {2009},
  isbn = {9788577802715 (v.2)}
}

     


%%%%%%
%%%%%%
%



      %%\bibdef{Associação Brasileira de Normas Técnicas - ABNT. Coletânea de normas de desenho técnico. São Paulo, 1990}
@book{abnt1990,
  author = {Associação Brasileira de Normas Técnicas - ABNT},
  title = {Coletânea de normas de desenho técnico},
  address = {São Paulo},
  year = {1990}
}

      

      %%\bibdef{GIESECKE, Frederick; MITCHELL, Alva; SPENCER, Henry C.; HILL, Ivan Leroy; DYGDON, John Thomas e NOVAK, James E.. Tecnical Drawing. Upper Saddle River, N.J.: Pearson Prentice Hall, 2009. ISBN 9780135135273}
@book{giesecke2009,
  author = {Giesecke, Frederick and Mitchell, Alva and Spencer, Henry C. and Hill, Ivan Leroy and Dygdon, John Thomas and Novak, James E.},
  title = {Tecnical Drawing},
  publisher = {Pearson Prentice Hall},
  address = {Upper Saddle River, N.J.},
  year = {2009},
  isbn = {9780135135273}
}

      

      %%\bibdef[basic]{Associação Brasileira de Normas Técnicas - ABNT. NBR 10.126 Cotagem em desenho Técnico. Rio de Janeiro, 1987}
@book{abnt1987a,
  author = {Associação Brasileira de Normas Técnicas - ABNT},
  title = {NBR 10.126 Cotagem em desenho Técnico},
  address = {Rio de Janeiro},
  year = {1987}
}

      

      %%\bibdef[basic]{Associação Brasileira de Normas Técnicas - ABNT. NBR 10647 - Desenho Técnico. Rio de Janeiro, 1989}
@book{abnt1989,
  author = {Associação Brasileira de Normas Técnicas - ABNT},
  title = {NBR 10647 - Desenho Técnico},
  address = {Rio de Janeiro},
  year = {1989}
}

      

      %%\bibdef[basic]{Associação Brasileira de Normas Técnicas - ABNT. NBR 12.298 - Representação de área de corte por meio de hachuras em desenho técnico. Rio de Janeiro, 1995}
@book{abnt1995a,
  author = {Associação Brasileira de Normas Técnicas - ABNT},
  title = {NBR 12.298 - Representação de área de corte por meio de hachuras em desenho técnico},
  address = {Rio de Janeiro},
  year = {1995}
}

      

      %%\bibdef[basic]{Associação Brasileira de Normas Técnicas - ABNT. NBR 16.861 - Desenho Técnico - Requisitos para representação de linhas e escrita. Rio de Janeiro, 2020}
@book{abnt2020,
  author = {Associação Brasileira de Normas Técnicas - ABNT},
  title = {NBR 16.861 - Desenho Técnico - Requisitos para representação de linhas e escrita},
  address = {Rio de Janeiro},
  year = {2020}
}

      

      %%\bibdef[basic]{Associação Brasileira de Normas Técnicas - ABNT. NBR 6.492 - Representação de Projetos de Arquitetura. Rio de Janeiro, 1994}
@book{abnt1994,
  author = {Associação Brasileira de Normas Técnicas - ABNT},
  title = {NBR 6.492 - Representação de Projetos de Arquitetura},
  address = {Rio de Janeiro},
  year = {1994}
}

      

      %%\bibdef[basic]{Cunha, Luis Veiga da. Desenho técnico. Lisboa: Fundação Calouste Gulbenkian, 2004. ISBN 9723110660}
@book{cunha2004,
  author = {Cunha, Luis Veiga da},
  title = {Desenho técnico},
  publisher = {Fundação Calouste Gulbenkian},
  address = {Lisboa},
  year = {2004},
  isbn = {9723110660}
}

      

      %%\bibdef[basic]{French, Thomas E. Desenho técnico. Rio de Janeiro: Globo, 1969}
@book{french1969,
  author = {French, Thomas E},
  title = {Desenho técnico},
  publisher = {Globo},
  address = {Rio de Janeiro},
  year = {1969}
}

      

      %%\bibdef[compl]{Associação Brasileira de Normas Técnicas - ABNT. NBR 13.273 - Desenho Técnico - Referência a itens. Rio de Janeiro, 1999}
@book{abnt1999,
  author = {Associação Brasileira de Normas Técnicas - ABNT},
  title = {NBR 13.273 - Desenho Técnico - Referência a itens},
  address = {Rio de Janeiro},
  year = {1999}
}

      

      %%\bibdef[compl]{BACHMANN, Albert; FORBERG, Richard. Desenho técnico.. Porto Alegre: Globo, 1969}
@book{bachmann1969,
  author = {Bachmann, Albert and Forberg, Richard},
  title = {Desenho técnico.},
  publisher = {Globo},
  address = {Porto Alegre},
  year = {1969}
}

      

      %%\bibdef[compl]{GIESECKE, Frederick E; SPENCER, Alva H. C.; DYGDON, John T.; NOVAK, James; LOCKHART, Shawna. Comunicação Gráfica Moderna. Porto Alegre: Grupo A, 2002. ISBN 9798573078441}
@book{giesecke2002,
  author = {Giesecke, Frederick E and Spencer, Alva H. C. and Dygdon, John T. and Novak, James and Lockhart, Shawna},
  title = {Comunicação Gráfica Moderna},
  publisher = {Grupo A},
  address = {Porto Alegre},
  year = {2002},
  isbn = {9798573078441}
}

     


%%%%%%
%%%%%%
%



      %%\bibdef{Chabay, Ruth W. Física básica : matéria e interações, v. 2. RJ: LTC, 2018. ISBN 9788521635031}
@book{chabay2018,
  author = {Chabay, Ruth W},
  title = {Física básica : matéria e interações, v. 2},
  publisher = {LTC},
  address = {RJ},
  year = {2018},
  isbn = {9788521635031}
}

      

      %%\bibdef{Halliday, David; Resnick, Robert; Walker, Jearl. Fundamentos de Física. Rio de Janeiro: Livros Técnicos e Científicos, 2009. ISBN 97885216166078 (V.3)}
@book{halliday2009,
  author = {Halliday, David and Resnick, Robert and Walker, Jearl},
  title = {Fundamentos de Física},
  publisher = {Livros Técnicos e Científicos},
  address = {Rio de Janeiro},
  year = {2009},
  isbn = {97885216166078 (V.3)}
}

      

      %%\bibdef{Serway, Raymond A.; Jewett, Jr., John W.. Princípios de física :. São Paulo: Pioneira Thomson Learning, c2004-2005. ISBN 8522103828 (v.1); 9788522103829 (v.1); 8522104131 (v.2); 9788522104130 (v.2); 852210414X (v.3); 9788522104147 (v.3); 8522104379 (v.4); 9788522104376 (v.4)}
@book{serway2004,
  author = {Serway, Raymond A. and Jewett, Jr., John W.},
  title = {Princípios de física :},
  publisher = {Pioneira Thomson Learning},
  address = {São Paulo},
  year = {2004--2005},
  note = {c2004-2005},
  isbn = {8522103828 (v.1); 9788522103829 (v.1); 8522104131 (v.2); 9788522104130 (v.2); 852210414X (v.3); 9788522104147 (v.3); 8522104379 (v.4); 9788522104376 (v.4)}
}

      

      %%\bibdef[compl]{Tipler, Paul A.. Física : para cientistas e engenheiros. Rio de Janeiro: Livros Técnicos e Científicos, 2000. ISBN 852161215X}
@book{tipler2000,
  author = {Tipler, Paul A.},
  title = {Física : para cientistas e engenheiros},
  publisher = {Livros Técnicos e Científicos},
  address = {Rio de Janeiro},
  year = {2000},
  isbn = {852161215X}
}

     


%%%%%%
%%%%%%
%



      %%\bibdef[basic]{			Ferdinand P. Beer, E. Russell Johnston, David F. Mazurek. Mecânica vetorial para engenheiros: Estática. Rio de Janeiro: AMGH, 2019. ISBN 9788580550467}
@book{beer2019,
  author = {Beer, Ferdinand P. and Johnston, E. Russell and Mazurek, David F.},
  title = {Mecânica vetorial para engenheiros: Estática},
  publisher = {AMGH},
  address = {Rio de Janeiro},
  year = {2019},
  isbn = {9788580550467}
}

      

      %%\bibdef[basic]{Hibbeler, Russell Charles. Estática - Mecânica para Engenharia. São Paulo: Pearson, 2011. ISBN 978-85-7605-815-1}
@book{hibbeler2011,
  author = {Hibbeler, Russell Charles},
  title = {Estática - Mecânica para Engenharia},
  publisher = {Pearson},
  address = {São Paulo},
  year = {2011},
  isbn = {978-85-7605-815-1}
}

      

      %%\bibdef[basic]{M. W. Plesha; G. L. Gray; F. Costanzo. Mecânica para Engenharia - Estática. Porto Alegre: Bookman, 2014. ISBN 978-85-65837-01-9}
@book{plesha2014,
  author = {Plesha, M. W. and Gray, G. L. and Costanzo, F.},
  title = {Mecânica para Engenharia - Estática},
  publisher = {Bookman},
  address = {Porto Alegre},
  year = {2014},
  isbn = {978-85-65837-01-9}
}

      

      %%\bibdef[basic]{Shames, Irving H.. Mecânica para engenharia. São Paulo: Prentice Hall, c2002-2003. ISBN 8587918133 (V.1); 8587918214 (V.2)}
@book{shames2002,
  author = {Shames, Irving H.},
  title = {Mecânica para engenharia},
  publisher = {Prentice Hall},
  address = {São Paulo},
  year = {2002--2003},
  note = {c2002-2003},
  isbn = {8587918133 (V.1); 8587918214 (V.2)}
}

     


%%%%%%
%%%%%%
%



      %%\bibdef[basic]{  Santos, Rafael. Introdução à programação orientada a objetos usando Java. Rio de Janeiro: Campus, 2003. ISBN 853521206X}
@book{santos2003,
  author = {Santos, Rafael},
  title = {Introdução à programação orientada a objetos usando Java},
  publisher = {Campus},
  address = {Rio de Janeiro},
  year = {2003},
  isbn = {853521206X}
}

      

      %%\bibdef[compl]{Arnold, Ken; Gosling, James A.; Holmes, David. A linguagem de programação Java. Porto Alegre: Bookman, 2007. ISBN 9788560031641}
@book{arnold2007,
  author = {Arnold, Ken and Gosling, James A. and Holmes, David},
  title = {A linguagem de programação Java},
  publisher = {Bookman},
  address = {Porto Alegre},
  year = {2007},
  isbn = {9788560031641}
}

      


%%%%%%%%%%%%%%%%%
%%%%%%%%%%%%%%%%%
%%%
%%%  Etapa 03
%%%
%%%%%%%%%%%%%%%%%
%%%%%%%%%%%%%%%%%



%%%%%%
%%%%%%
%



      %%\bibdef{  ALEXANDER, C. K., SADIKU, N.O.M.. Fundamentos de Circuitos Elétricos. Bookman, ISBN 8536302496}
@book{alexander,
  author = {Alexander, C. K. and Sadiku, N.O.M.},
  title = {Fundamentos de Circuitos Elétricos},
  publisher = {Bookman},
  isbn = {8536302496}
}

      

      %%\bibdef{NILSSON J. W., RIEDEL S. A.. Circuitos Elétricos Editora. LTC, ISBN 8521613636}
@book{nilsson,
  author = {Nilsson, J. W. and Riedel, S. A.},
  title = {Circuitos Elétricos Editora},
  publisher = {LTC},
  isbn = {8521613636}
}

      

      %%\bibdef[basic]{IRWIN D. J.. Análise Básica de Circuitos para Engenharia. LTC, ISBN 8534606935}
@book{irwin,
  author = {Irwin, D. J.},
  title = {Análise Básica de Circuitos para Engenharia},
  publisher = {LTC},
  isbn = {8534606935}
}

      

      %%\bibdef[basic]{SCOTT, R.E.. Elements of Linear Circuits. Addison-Wesley, ISBN 0201068435}
@book{scott,
  author = {Scott, R.E.},
  title = {Elements of Linear Circuits},
  publisher = {Addison-Wesley},
  isbn = {0201068435}
}

      

      %%\bibdef[compl]{DESOER, Charles A. e KUH, Ernest S.. Teoria Básica de Circuitos. Guanabara Dois, ISBN 0070165750}
@book{desoer,
  author = {Desoer, Charles A. and Kuh, Ernest S.},
  title = {Teoria Básica de Circuitos},
  publisher = {Guanabara Dois},
  isbn = {0070165750}
}

      

      %%\bibdef[compl]{DORF, R.C., SVODOBA, J. A.. Introdução aos Circuitos Elétricos. LTC, ISBN 9788521615828}
@book{dorf,
  author = {Dorf, R.C. and Svodoba, J. A.},
  title = {Introdução aos Circuitos Elétricos},
  publisher = {LTC},
  isbn = {9788521615828}
}

      

      %%\bibdef[compl]{FOERSTER G., TREGNAGO R.. Circuitos Elétricos. Editora da Universidade, ISBN 8570251378}
@book{foerster,
  author = {Foerster, G. and Tregnago, R.},
  title = {Circuitos Elétricos},
  publisher = {Editora da Universidade},
  isbn = {8570251378}
}

     


%%%%%%
%%%%%%
%



      %%\bibdef{  C. H. Edwards Jr., D.E. Penney.. Equações Elementares com Problemas de Contorno. Rio de Janeiro: LTC, ISBN 9788570540577}
@book{edwards,
  author = {Edwards, C. H. Jr. and Penney, D.E.},
  title = {Equações Elementares com Problemas de Contorno},
  publisher = {LTC},
  address = {Rio de Janeiro},
  isbn = {9788570540577}
}

      

      %%\bibdef{William E. Boyce, Richard C. DiPrima. Equações Diferenciais Elementares e Problemas de Valores de Contorno. LTC, 2015. ISBN 9788521627357}
@book{boyce2015,
  author = {Boyce, William E. and DiPrima, Richard C.},
  title = {Equações Diferenciais Elementares e Problemas de Valores de Contorno},
  publisher = {LTC},
  year = {2015},
  isbn = {9788521627357}
}

      

      %%\bibdef{Zill, Dennis G.. Equações diferenciais com aplicações em modelagem. São Paulo: Thomson, 2003. ISBN 8522103143; 9788522103140}
@book{zill2003,
  author = {Zill, Dennis G.},
  title = {Equações diferenciais com aplicações em modelagem},
  publisher = {Thomson},
  address = {São Paulo},
  year = {2003},
  isbn = {8522103143; 9788522103140}
}

      

      %%\bibdef[basic]{Eduardo Brietzke. Notas de aula de Equações Diferenciais II. Porto Alegre}
@misc{brietzke,
  author = {Brietzke, Eduardo},
  title = {Notas de aula de Equações Diferenciais II},
  address = {Porto Alegre}
}

      

      %%\bibdef[compl]{Asmar, Nakhle. Partial differential equations and boundary value problems. New Jersey: Prentice-Hall, c2005. ISBN 0131480960}
@book{asmar2005,
  author = {Asmar, Nakhle},
  title = {Partial differential equations and boundary value problems},
  publisher = {Prentice-Hall},
  address = {New Jersey},
  year = {2005},
  note = {c2005},
  isbn = {0131480960}
}

      

      %%\bibdef[compl]{Boyce, William E.; DiPrima, Richard C.. Equações diferenciais elementares e problemas de valores de contorno. Rio de Janeiro: LTC, c2006. ISBN 8521614993}
@book{boyce2006,
  author = {Boyce, William E. and DiPrima, Richard C.},
  title = {Equações diferenciais elementares e problemas de valores de contorno},
  publisher = {LTC},
  address = {Rio de Janeiro},
  year = {2006},
  note = {c2006},
  isbn = {8521614993}
}

      

      %%\bibdef[compl]{Churchill, Ruel Vance; Carvalho, Carlos Alberto Aragao de. Series de Fourier e problemas de valores de contorno. Rio de Janeiro: Guanabara Dois, 1978}
@book{churchill1978,
  author = {Churchill, Ruel Vance and Carvalho, Carlos Alberto Aragao de},
  title = {Series de Fourier e problemas de valores de contorno},
  publisher = {Guanabara Dois},
  address = {Rio de Janeiro},
  year = {1978}
}

      

      %%\bibdef[compl]{Figueiredo, Djairo Guedes de. Análise de Fourier e equações diferenciais parciais. Rio de Janeiro: IMPA, 2003. ISBN 9788524401206}
@book{figueiredo2003,
  author = {Figueiredo, Djairo Guedes de},
  title = {Análise de Fourier e equações diferenciais parciais},
  publisher = {IMPA},
  address = {Rio de Janeiro},
  year = {2003},
  isbn = {9788524401206}
}

      

      %%\bibdef[compl]{Kreyszig, Erwin. Advanced engineering mathematics. Hoboken, NJ: John Wiley, c2006. ISBN 0471488852}
@book{kreyszig2006,
  author = {Kreyszig, Erwin},
  title = {Advanced engineering mathematics},
  publisher = {John Wiley},
  address = {Hoboken, NJ},
  year = {2006},
  note = {c2006},
  isbn = {0471488852}
}

      

      %%\bibdef[compl]{Simmons, George F.. Differential equations with applications and historical notes. New York: McGraw-Hill, c1972}
@book{simmons1972,
  author = {Simmons, George F.},
  title = {Differential equations with applications and historical notes},
  publisher = {McGraw-Hill},
  address = {New York},
  year = {1972},
  note = {c1972}
}

      

      %%\bibdef[compl]{Solow, Daniel; Borrelli, Robert L.; Coleman, Courtney S.. Differential equationsa modeling perspective and how to read and do proof. New York: Wiley, 1998. ISBN 0471314129}
@book{solow1998,
  author = {Solow, Daniel and Borrelli, Robert L. and Coleman, Courtney S.},
  title = {Differential equationsa modeling perspective and how to read and do proof},
  publisher = {Wiley},
  address = {New York},
  year = {1998},
  isbn = {0471314129}
}

      

      %%\bibdef[compl]{Spiegel, Murray Ralph. Analise de fourier. Sao Paulo: Mcgraw-Hill do Brasil, 1976}
@book{spiegel1976,
  author = {Spiegel, Murray Ralph},
  title = {Analise de fourier},
  publisher = {Mcgraw-Hill do Brasil},
  address = {Sao Paulo},
  year = {1976}
}

      

      %%\bibdef[compl]{Tenenbaum, Morris; Pollard, Harry. Ordinary differential equations:an elementary texbook for students of mathematics, engineering, and the sciences.. New York: Harper e Row, 1963}
@book{tenenbaum1963,
  author = {Tenenbaum, Morris and Pollard, Harry},
  title = {Ordinary differential equations:an elementary texbook for students of mathematics, engineering, and the sciences.},
  publisher = {Harper e Row},
  address = {New York},
  year = {1963}
}

      

      %%\bibdef[compl]{Zill, Dennis G.; Cullen, Michael R.. Equações diferenciais. Makron Books: São Paulo, c2001}
@book{zill2001,
  author = {Zill, Dennis G. and Cullen, Michael R.},
  title = {Equações diferenciais},
  publisher = {Makron Books},
  address = {São Paulo},
  year = {2001},
  note = {c2001}
}

      

      %%\bibdef[compl]{Zill, Dennis G.; Cullen, Michael R.. Equações diferenciais. Makron Books: São Paulo, c2001}
@book{zill2001dup,
  author = {Zill, Dennis G. and Cullen, Michael R.},
  title = {Equações diferenciais},
  publisher = {Makron Books},
  address = {São Paulo},
  year = {2001},
  note = {c2001}
}

     


%%%%%%
%%%%%%
%



      %%\bibdef{  C. H. Edwards Jr., D.E. Penney.. Equações Elementares com Problemas de Contorno. Rio de Janeiro: LTC, ISBN 9788570540577}
@book{edwardsdup,
  author = {Edwards, C. H. Jr. and Penney, D.E.},
  title = {Equações Elementares com Problemas de Contorno},
  publisher = {LTC},
  address = {Rio de Janeiro},
  isbn = {9788570540577}
}

      

      %%\bibdef{William E. Boyce, Richard C. DiPrima. Equações Diferenciais Elementares e Problemas de Valores de Contorno. LTC, 2015. ISBN 9788521627357}
@book{boyce2015dup,
  author = {Boyce, William E. and DiPrima, Richard C.},
  title = {Equações Diferenciais Elementares e Problemas de Valores de Contorno},
  publisher = {LTC},
  year = {2015},
  isbn = {9788521627357}
}

      

      %%\bibdef{Zill, Dennis G.. Equações diferenciais com aplicações em modelagem. São Paulo: Thomson, 2003. ISBN 8522103143; 9788522103140}
@book{zill2003dup,
  author = {Zill, Dennis G.},
  title = {Equações diferenciais com aplicações em modelagem},
  publisher = {Thomson},
  address = {São Paulo},
  year = {2003},
  isbn = {8522103143; 9788522103140}
}

      

      %%\bibdef[basic]{Alonso, Marcelo; Finn, Edward J.. Fisica. Harlow: Addison-Wesley, c1999. ISBN 8478290273}
@book{alonso1999,
  author = {Alonso, Marcelo and Finn, Edward J.},
  title = {Fisica},
  publisher = {Addison-Wesley},
  address = {Harlow},
  year = {1999},
  note = {c1999},
  isbn = {8478290273}
}

      

      %%\bibdef[basic]{Alonso, Marcelo; Finn, Edward J.; Moscati, Giorgio. Fisica um Curso Universitario :campos e Ondas. Sao Paulo: Edgard Blucher, c1967}
@book{alonso1967,
  author = {Alonso, Marcelo and Finn, Edward J. and Moscati, Giorgio},
  title = {Fisica um Curso Universitario :campos e Ondas},
  publisher = {Edgard Blucher},
  address = {Sao Paulo},
  year = {1967},
  note = {c1967}
}

      

      %%\bibdef[basic]{Halliday, David; Resnick, Robert; Walker, Jearl. Fundamentos de física. Rio de Janeiro: Livros Técnicos e Científicos, 2006-2007. ISBN 8521614845 (V.1); 9788521614845 (v.1); 8521614853 (V.2); 9788521614869 (V.3); 9788521614876 (V.4)}
@book{halliday2006,
  author = {Halliday, David and Resnick, Robert and Walker, Jearl},
  title = {Fundamentos de física},
  publisher = {Livros Técnicos e Científicos},
  address = {Rio de Janeiro},
  year = {2006--2007},
  isbn = {8521614845 (V.1); 9788521614845 (v.1); 8521614853 (V.2); 9788521614869 (V.3); 9788521614876 (V.4)}
}

      

      %%\bibdef[basic]{Mckelvey, John P.; Grotch, Howard; Nunes, Frederico Dias. Fisica. Sao Paulo: Ed. Harper, c1979}
@book{mckelvey1979,
  author = {Mckelvey, John P. and Grotch, Howard and Nunes, Frederico Dias},
  title = {Fisica},
  publisher = {Ed. Harper},
  address = {Sao Paulo},
  year = {1979},
  note = {c1979}
}

      

      %%\bibdef[basic]{Nussenzveig, Hersh Moyses. Curso de física básica. Sao Paulo: Ed. Edgar Blucher, c2002. ISBN 8521202989 (v.1); 8521202997 (v.2); 8521201346 (v.3); 852120163X (v.4)}
@book{nussenzveig2002dup,
  author = {Nussenzveig, Hersh Moyses},
  title = {Curso de física básica},
  publisher = {Ed. Edgar Blucher},
  address = {Sao Paulo},
  year = {2002},
  note = {c2002},
  isbn = {8521202989 (v.1); 8521202997 (v.2); 8521201346 (v.3); 852120163X (v.4)}
}

      

      %%\bibdef[basic]{Sears, Francis Weston. Fisica. Rio de Janeiro: Livros Tecnicos e Cientificos, 1983-1985}
@book{sears1983,
  author = {Sears, Francis Weston},
  title = {Fisica},
  publisher = {Livros Tecnicos e Cientificos},
  address = {Rio de Janeiro},
  year = {1983--1985}
}

      

      %%\bibdef[basic]{Tipler, Paul A.; Mosca, Gene. Física :para cientistas e engenheiros. Rio de Janeiro: LTC, 2009. ISBN 9788521617105 (v.1); 9788521617112 (v.2); 9788521617129 (v.3)}
@book{tipler2009dup,
  author = {Tipler, Paul A. and Mosca, Gene},
  title = {Física :para cientistas e engenheiros},
  publisher = {LTC},
  address = {Rio de Janeiro},
  year = {2009},
  isbn = {9788521617105 (v.1); 9788521617112 (v.2); 9788521617129 (v.3)}
}

     


%%%%%%
%%%%%%
%



      %%\bibdef{  William D. Callister Jr., David G. Rethwisch. Ciência e engenharia de materiais : uma introdução. Rio de Janeiro: LTC, 2020. ISBN 9788521637288}
@book{callister2020,
  author = {Callister, William D. Jr. and Rethwisch, David G.},
  title = {Ciência e engenharia de materiais : uma introdução},
  publisher = {LTC},
  address = {Rio de Janeiro},
  year = {2020},
  isbn = {9788521637288}
}

      

      %%\bibdef[basic]{Donald R. Askeland, Wendelin J. Wright. Ciência e Engenharia dos Materiais. São Paulo: Editora Cengage Learning, 2019. ISBN 9788522128112}
@book{askeland2019,
  author = {Askeland, Donald R. and Wright, Wendelin J.},
  title = {Ciência e Engenharia dos Materiais},
  publisher = {Editora Cengage Learning},
  address = {São Paulo},
  year = {2019},
  isbn = {9788522128112}
}

      

      %%\bibdef[compl]{James F. Shackelford. Ciência dos materiais. São Paulo: Pearson Prentice Hall, 2008. ISBN 9788576051602}
@book{shackelford2008,
  author = {Shackelford, James F.},
  title = {Ciência dos materiais},
  publisher = {Pearson Prentice Hall},
  address = {São Paulo},
  year = {2008},
  isbn = {9788576051602}
}

     


%%%%%%
%%%%%%
%



      %%\bibdef{Beer, Ferdinand Pierre; Johnston Jr., E. Russell; Cornwell, Phillip J.; Self, Brian P.; Sanghi, Sanjeev. Mecanica Vetorial para Engenheiros. Dinâmica. Rio de Janeiro: AMGH, 2019. ISBN 9788580556179 (Impresso), 9788580556186 (E-book)}
@book{beer2019dyn,
  author = {Beer, Ferdinand Pierre and Johnston Jr., E. Russell and Cornwell, Phillip J. and Self, Brian P. and Sanghi, Sanjeev},
  title = {Mecanica Vetorial para Engenheiros. Dinâmica},
  publisher = {AMGH},
  address = {Rio de Janeiro},
  year = {2019},
  isbn = {9788580556179 (Impresso), 9788580556186 (E-book)}
}

      

      %%\bibdef{Hibbeler, Russell Charles. Dinâmica. Mecânica para Engenharia. São Paulo: Pearson, 2017. ISBN 9788543016252}
@book{hibbeler2017,
  author = {Hibbeler, Russell Charles},
  title = {Dinâmica. Mecânica para Engenharia},
  publisher = {Pearson},
  address = {São Paulo},
  year = {2017},
  isbn = {9788543016252}
}

      

      %%\bibdef{Meriam, James L.; Kraige, L. Glenn. Mecânica para Engenharia. Dinâmica. Rio de Janeiro: LTC, 2016. ISBN 9788521630142}
@book{meriam2016,
  author = {Meriam, James L. and Kraige, L. Glenn},
  title = {Mecânica para Engenharia. Dinâmica},
  publisher = {LTC},
  address = {Rio de Janeiro},
  year = {2016},
  isbn = {9788521630142}
}

      

      %%\bibdef[basic]{Gray, Gary L.; Constanzo, Francesco; Plesha, Michael E.. Mecânica para Engenharia. Dinâmica. Porto Alegre: Grupo A, 2014. ISBN 9788565837002 (Impresso), 9788565837293 (E-book)}
@book{gray2014,
  author = {Gray, Gary L. and Constanzo, Francesco and Plesha, Michael E.},
  title = {Mecânica para Engenharia. Dinâmica},
  publisher = {Grupo A},
  address = {Porto Alegre},
  year = {2014},
  isbn = {9788565837002 (Impresso), 9788565837293 (E-book)}
}

      

      %%\bibdef[basic]{Nelson, E.W. Nelson; Best, Charles L.; McLean, W.G.; Potter, Merle C.. Engenharia Mecânica: Dinâmica Coleção Schaum. São Paulo: Grupo A, 2013. ISBN 9788582600412 (E-book)}
@book{nelson2013,
  author = {Nelson, E.W. Nelson and Best, Charles L. and McLean, W.G. and Potter, Merle C.},
  title = {Engenharia Mecânica: Dinâmica Coleção Schaum},
  publisher = {Grupo A},
  address = {São Paulo},
  year = {2013},
  isbn = {9788582600412 (E-book)}
}

      

      %%\bibdef[basic]{Rade, Domingos. Cinemática e Dinâmica para Engenharia. Rio de Janeiro: GEN LTC, 2017. ISBN 9788535281866}
@book{rade2017,
  author = {Rade, Domingos},
  title = {Cinemática e Dinâmica para Engenharia},
  publisher = {GEN LTC},
  address = {Rio de Janeiro},
  year = {2017},
  isbn = {9788535281866}
}

      

      %%\bibdef[basic]{Tenenbaum, Roberto A.. Dinâmica Aplicada. São Paulo: Manole, 2016. ISBN 9788520446775}
@book{tenenbaum2016,
  author = {Tenenbaum, Roberto A.},
  title = {Dinâmica Aplicada},
  publisher = {Manole},
  address = {São Paulo},
  year = {2016},
  isbn = {9788520446775}
}

      

      %%\bibdef[basic]{Tongue, Benson H. ; Sheppard, Sheri D.. Dinâmica: Análise e Projeto de Sistemas em Movimento. Rio de Janeiro: LTC, 2007. ISBN 9788521615422}
@book{tongue2007,
  author = {Tongue, Benson H. and Sheppard, Sheri D.},
  title = {Dinâmica: Análise e Projeto de Sistemas em Movimento},
  publisher = {LTC},
  address = {Rio de Janeiro},
  year = {2007},
  isbn = {9788521615422}
}

     


%%%%%%
%%%%%%
%



      %%\bibdef{Barbetta, Pedro Alberto; Reis, Marcelo Menezes; Bornia, Antonio Cezar. Estatística :para cursos de engenharia e informática. São Paulo, SP: Atlas, 2008. ISBN 9788522449897}
@book{barbetta2008,
  author = {Barbetta, Pedro Alberto and Reis, Marcelo Menezes and Bornia, Antonio Cezar},
  title = {Estatística :para cursos de engenharia e informática},
  publisher = {Atlas},
  address = {São Paulo, SP},
  year = {2008},
  isbn = {9788522449897}
}

      

      %%\bibdef{Jay L. Devore. Probabilidade e estatística para engenharia e ciências. Cengage Learning, ISBN ISBN-10: 8522111839 ISBN-13: 9788522111831}
@book{devore,
  author = {Devore, Jay L.},
  title = {Probabilidade e estatística para engenharia e ciências},
  publisher = {Cengage Learning},
  isbn = {8522111839}
}

      

      %%\bibdef{Montgomery, Douglas C.; Runger, George C.. Estatística aplicada e probabilidade para engenheiros. Rio de Janeiro: LTC, 2009. ISBN 8521616643; 9788521616641}
@book{montgomery2009,
  author = {Montgomery, Douglas C. and Runger, George C.},
  title = {Estatística aplicada e probabilidade para engenheiros},
  publisher = {LTC},
  address = {Rio de Janeiro},
  year = {2009},
  isbn = {8521616643; 9788521616641}
}

      

      %%\bibdef[basic]{Costa Neto, Pedro Luiz de Oliveira. Estatística. São Paulo: Edgard Blücher, 2002. ISBN 8521203004}
@book{costa2002,
  author = {Costa Neto, Pedro Luiz de Oliveira},
  title = {Estatística},
  publisher = {Edgard Blücher},
  address = {São Paulo},
  year = {2002},
  isbn = {8521203004}
}

      

      %%\bibdef[basic]{Fonseca, Jairo Simon da; Martins, Gilberto de Andrade. Curso de estatística. São Paulo: Atlas, 1996. ISBN 8522414718}
@book{fonseca1996,
  author = {Fonseca, Jairo Simon da and Martins, Gilberto de Andrade},
  title = {Curso de estatística},
  publisher = {Atlas},
  address = {São Paulo},
  year = {1996},
  isbn = {8522414718}
}

      

      %%\bibdef[basic]{Magalhães, Marcos Nascimento. Noções de probabilidade e estatística. São Paulo: Edusp, 2005. ISBN 8531406773}
@book{magalhaes2005,
  author = {Magalhães, Marcos Nascimento},
  title = {Noções de probabilidade e estatística},
  publisher = {Edusp},
  address = {São Paulo},
  year = {2005},
  isbn = {8531406773}
}

      

      %%\bibdef[basic]{Meyer, Paul L.. Probabilidade: aplicações à estatística. Rio de Janeiro: LTC, 2000. ISBN 8521602944}
@book{meyer2000,
  author = {Meyer, Paul L.},
  title = {Probabilidade: aplicações à estatística},
  publisher = {LTC},
  address = {Rio de Janeiro},
  year = {2000},
  isbn = {8521602944}
}

      

      %%\bibdef[basic]{Morettin, Pedro Alberto; Bussab, Wilton de Oliveira. Estatística básica. São Paulo: Saraiva, 2009. ISBN 8502034979}
@book{morettin2009,
  author = {Morettin, Pedro Alberto and Bussab, Wilton de Oliveira},
  title = {Estatística básica},
  publisher = {Saraiva},
  address = {São Paulo},
  year = {2009},
  isbn = {8502034979}
}

      

      %%\bibdef[basic]{Spiegel, Murray Ralph. Probabilidade e estatística. São Paulo: Pearson, 2004. ISBN 8534613001}
@book{spiegel2004,
  author = {Spiegel, Murray Ralph},
  title = {Probabilidade e estatística},
  publisher = {Pearson},
  address = {São Paulo},
  year = {2004},
  isbn = {8534613001}
}

     


%%%%%%
%%%%%%
%



      %%\bibdef{Brown, Stephen D.. Fundamentals of Digital Logic with VHDL Design. McGraw-Hill, 2008. ISBN 978-0077221430}
@book{brown2008,
  author = {Brown, Stephen D.},
  title = {Fundamentals of Digital Logic with VHDL Design},
  publisher = {McGraw-Hill},
  year = {2008},
  isbn = {978-0077221430}
}

      

      %%\bibdef{Floyd, Thomas L.. Sistemas digitais : fundamentos e aplicações. Bookman, ISBN 9788560031931}
@book{floyd,
  author = {Floyd, Thomas L.},
  title = {Sistemas digitais : fundamentos e aplicações},
  publisher = {Bookman},
  isbn = {9788560031931}
}

      

      %%\bibdef{Wakerly, John F.. Digital Design: principles and practices. --: Pearson, 2005. ISBN 978-0131863897}
@book{wakerly2005,
  author = {Wakerly, John F.},
  title = {Digital Design: principles and practices},
  publisher = {Pearson},
  year = {2005},
  isbn = {978-0131863897}
}

      

      %%\bibdef[basic]{Mano, M. Morris. Logic and computer design fundamentals. Pearson Prentice Hall, ISBN 9780131989269}
@book{mano,
  author = {Mano, M. Morris},
  title = {Logic and computer design fundamentals},
  publisher = {Pearson Prentice Hall},
  isbn = {9780131989269}
}

      

      %%\bibdef[basic]{Ronald J. Tocci, Neal S. Widmer e Gregory L. Moss. Sistemas Digitais: Princípios e Aplicações. São Paulo: Prentice-Hall, 2011. ISBN 9788576059226}
@book{tocci2011,
  author = {Tocci, Ronald J. and Widmer, Neal S. and Moss, Gregory L.},
  title = {Sistemas Digitais: Princípios e Aplicações},
  publisher = {Prentice-Hall},
  address = {São Paulo},
  year = {2011},
  isbn = {9788576059226}
}

      

      %%\bibdef[basic]{Tokheim, Roger L. Fundamentos de eletrônica digital. HMGH, ISBN 9788580551921 (v. 1) e 9788580551945 (v.2)}
@book{tokheim,
  author = {Tokheim, Roger L.},
  title = {Fundamentos de eletrônica digital},
  publisher = {HMGH},
  isbn = {9788580551921 (v. 1) e 9788580551945 (v.2)}
}

      

      %%\bibdef[basic]{Vahid, Frank. Digital Design. Hoboken: John Wiley, ISBN 9780470044377}
@book{vahid,
  author = {Vahid, Frank},
  title = {Digital Design},
  publisher = {John Wiley},
  address = {Hoboken},
  isbn = {9780470044377}
}

      

      %%\bibdef[compl]{FLETCHER. An Engineering Approach to Digital Design. Prentice Hall}
@book{fletcher,
  author = {Fletcher},
  title = {An Engineering Approach to Digital Design},
  publisher = {Prentice Hall}
}

      

      %%\bibdef[compl]{Karris, Steven T. Digital Circuit Analysis and Design with Simulink Modeling and Introduction to CPLDs and FPGAs. Orchard Publications, ISBN 13: 978-1-934404-05-8; 10: 1-934404-05-5}
@book{karris,
  author = {Karris, Steven T.},
  title = {Digital Circuit Analysis and Design with Simulink Modeling and Introduction to CPLDs and FPGAs},
  publisher = {Orchard Publications},
  isbn = {978-1-934404-05-8}
}

      

      %%\bibdef[compl]{Sandige, Richard S. Fundamentals of digital and computer design with VHDL. McGraw-Hill, ISBN 9780073380698}
@book{sandige,
  author = {Sandige, Richard S.},
  title = {Fundamentals of digital and computer design with VHDL},
  publisher = {McGraw-Hill},
  isbn = {9780073380698}
}

      

      %%\bibdef[compl]{Wagner, Flavio Rech. Fundamentos de circuitos digitais. Bookman, ISBN 9788577803453}
@book{wagner,
  author = {Wagner, Flavio Rech},
  title = {Fundamentos de circuitos digitais},
  publisher = {Bookman},
  isbn = {9788577803453}
}

      


%%%%%%%%%%%%%%%%%
%%%%%%%%%%%%%%%%%
%%%
%%%  Etapa 04
%%%
%%%%%%%%%%%%%%%%%
%%%%%%%%%%%%%%%%%



%%%%%%
%%%%%%
%



      %%\bibdef{Borche, Alejandro. Métodos Numéricos. Porto Alegre: Ed. da UFRGS, 2008. ISBN 9788570259783}
@book{borche2008,
  author = {Borche, Alejandro},
  title = {Métodos Numéricos},
  publisher = {Ed. da UFRGS},
  address = {Porto Alegre},
  year = {2008},
  isbn = {9788570259783}
}

      

      %%\bibdef{Burden, Richard L.; Faires, J. Douglas. Análise numérica. São Paulo: Pioneira Thomson Learning, 2003. ISBN 852210297X}
@book{burden2003,
  author = {Burden, Richard L. and Faires, J. Douglas},
  title = {Análise numérica},
  publisher = {Pioneira Thomson Learning},
  address = {São Paulo},
  year = {2003},
  isbn = {852210297X}
}

      

      %%\bibdef[basic]{Bortoli, Álvaro e outros.. Introdução ao Cálculo Numérico - caderno de apoio didático B59. Instituto de Matemática: IM - UFRGS, 2001}
@book{bortoli2001,
  author = {Bortoli, Álvaro and outros},
  title = {Introdução ao Cálculo Numérico - caderno de apoio didático B59},
  publisher = {Instituto de Matemática: IM - UFRGS},
  year = {2001}
}

      

      %%\bibdef[basic]{Ruggiero, M; Lopes, V.. Cálculo Numérico - Aspectos Teóricos e Computacionais. Pearson, 1996. ISBN 9788534602044}
@book{ruggiero1996,
  author = {Ruggiero, M and Lopes, V.},
  title = {Cálculo Numérico - Aspectos Teóricos e Computacionais},
  publisher = {Pearson},
  year = {1996},
  isbn = {9788534602044}
}

      

      %%\bibdef[compl]{Barroso, Leônidas. Cálculo numérico :com aplicações. São Paulo: Harbra, c1987. ISBN 8529400895; 9788529400891}
@book{barroso1987,
  author = {Barroso, Leônidas},
  title = {Cálculo numérico :com aplicações},
  publisher = {Harbra},
  address = {São Paulo},
  year = {1987},
  note = {c1987},
  isbn = {8529400895; 9788529400891}
}

      

      %%\bibdef[compl]{Conte, Samuel. Elementos de Análise Numérica. Porto Alegre: Globo, 1965-1971}
@book{conte1965,
  author = {Conte, Samuel},
  title = {Elementos de Análise Numérica},
  publisher = {Globo},
  address = {Porto Alegre},
  year = {1965--1971}
}

      

      %%\bibdef[compl]{R.Burden, J. Faires. Numerical Analysis. London: Thompson Learning, 2005. ISBN 0534392008;0534404995}
@book{burden2005,
  author = {Burden, R. and Faires, J.},
  title = {Numerical Analysis},
  publisher = {Thompson Learning},
  address = {London},
  year = {2005},
  isbn = {0534392008;0534404995}
}

      

      %%\bibdef[compl]{Roque, Waldir Leite. Introdução ao cálculo numérico :um texto integrado ao cálculo numérico DERIVE. São Paulo: Atlas, 2000. ISBN 8522427224}
@book{roque2000,
  author = {Roque, Waldir Leite},
  title = {Introdução ao cálculo numérico :um texto integrado ao cálculo numérico DERIVE},
  publisher = {Atlas},
  address = {São Paulo},
  year = {2000},
  isbn = {8522427224}
}

      

      %%\bibdef[compl]{Sperandio, Décio; Mendes, João Teixeira; Silva, Luiz Henry Monken e. Cálculo numérico :características matemáticas e computacionais dos métodos numéricos. São Paulo: Pearson, c2003. ISBN 8587918745}
@book{sperandio2003,
  author = {Sperandio, Décio and Mendes, João Teixeira and Silva, Luiz Henry Monken e},
  title = {Cálculo numérico :características matemáticas e computacionais dos métodos numéricos},
  publisher = {Pearson},
  address = {São Paulo},
  year = {2003},
  note = {c2003},
  isbn = {8587918745}
}

     


%%%%%%
%%%%%%
%



      %%\bibdef{Charles K. Alexander e Matthew N. O. Sadiku. Fundamentos de circuitos elétricos.. McGrawHill, 2003. ISBN 978-85-86804-97-7}
@book{alexander2003,
  author = {Alexander, Charles K. and Sadiku, Matthew N. O.},
  title = {Fundamentos de circuitos elétricos.},
  publisher = {McGrawHill},
  year = {2003},
  isbn = {978-85-86804-97-7}
}

      

      %%\bibdef{J. David Irwin. Análise básica de circuitos para engenharia. LTC Editora, 2003. ISBN 85-216-1374-1}
@book{irwin2003,
  author = {Irwin, J. David},
  title = {Análise básica de circuitos para engenharia},
  publisher = {LTC Editora},
  year = {2003},
  isbn = {85-216-1374-1}
}

      

      %%\bibdef{James W. Nilsson e Susan A. Riedel. Circuitos elétricos. LTC Editora, 2003. ISBN 85-216-1374-1   }
@book{nilsson2003,
  author = {Nilsson, James W. and Riedel, Susan A.},
  title = {Circuitos elétricos},
  publisher = {LTC Editora},
  year = {2003},
  isbn = {85-216-1374-1}
}

      

      %%\bibdef[basic]{J. Bird. Circuitos Elétricos - Teoria e Tecnologia. Editora Campus, 2009. ISBN 978-85-352-2771-0}
@book{bird2009,
  author = {Bird, J.},
  title = {Circuitos Elétricos - Teoria e Tecnologia},
  publisher = {Editora Campus},
  year = {2009},
  isbn = {978-85-352-2771-0}
}

      

      %%\bibdef[compl]{Charles A. Desoer e Ernest S. Kuh. Teoria básica de circuitos lineares. Guanabara Dois, 1979}
@book{desoer1979,
  author = {Desoer, Charles A. and Kuh, Ernest S.},
  title = {Teoria básica de circuitos lineares},
  publisher = {Guanabara Dois},
  year = {1979}
}

      

      %%\bibdef[compl]{R. C. Dorf, J. A. Svoboda. Introdução aos Circuitos Elétricos. LTC, 2003. ISBN 85-216-1367-9}
@book{dorf2003,
  author = {Dorf, R. C. and Svoboda, J. A.},
  title = {Introdução aos Circuitos Elétricos},
  publisher = {LTC},
  year = {2003},
  isbn = {85-216-1367-9}
}

      

      %%\bibdef[compl]{W. H. Hayt Jr., J. E. Kemmerly, S. M. Durbin. Análise de Circuitos em Engenharia. McGraw-Hill, 2008. ISBN 978-85-7726-021-8}
@book{hayt2008,
  author = {Hayt, W. H. Jr. and Kemmerly, J. E. and Durbin, S. M.},
  title = {Análise de Circuitos em Engenharia},
  publisher = {McGraw-Hill},
  year = {2008},
  isbn = {978-85-7726-021-8}
}

     


%%%%%%
%%%%%%
%



      %%\bibdef{Brown, Stephen D.. Fundamentals of Digital Logic with VHDL Design. McGraw-Hill, ISBN 9780073529530}
@book{brown,
  author = {Brown, Stephen D.},
  title = {Fundamentals of Digital Logic with VHDL Design},
  publisher = {McGraw-Hill},
  isbn = {9780073529530}
}

      

      %%\bibdef{Floyd, Thomas L.. Sistemas Digitais: Fundamentos e Aplicações. Bookman, ISBN 9788560031931}
@book{floyddup,
  author = {Floyd, Thomas L.},
  title = {Sistemas Digitais: Fundamentos e Aplicações},
  publisher = {Bookman},
  isbn = {9788560031931}
}

      

      %%\bibdef{Wakerly, John F.. Digital Design: Principles and Practices. Prentice Hall, ISBN 978-0131863897}
@book{wakerly,
  author = {Wakerly, John F.},
  title = {Digital Design: Principles and Practices},
  publisher = {Prentice Hall},
  isbn = {978-0131863897}
}

      

      %%\bibdef[basic]{Mano, M. Morris. Logic and Computer Design Fundamentals. Pearson - Prentice Hall, ISBN 9780131989269}
@book{manodup,
  author = {Mano, M. Morris},
  title = {Logic and Computer Design Fundamentals},
  publisher = {Pearson - Prentice Hall},
  isbn = {9780131989269}
}

      

      %%\bibdef[basic]{Ronald J. Tocci, Neal S. Wildmer e Gregory L. Moss. Sistemas Digitais: Princípios e Aplicações. Prentice-Hall, ISBN 9788576050957 (10ª Edição); 9788576059226 (11ª Edição)}
@book{tocci,
  author = {Tocci, Ronald J. and Wildmer, Neal S. and Moss, Gregory L.},
  title = {Sistemas Digitais: Princípios e Aplicações},
  publisher = {Prentice-Hall},
  isbn = {9788576050957 (10ª Edição); 9788576059226 (11ª Edição)}
}

      

      %%\bibdef[basic]{Vahid, Frank. Digital Design. Hoboken, ISBN 9780470044377}
@book{vahiddup,
  author = {Vahid, Frank},
  title = {Digital Design},
  address = {Hoboken},
  isbn = {9780470044377}
}

      

      %%\bibdef[compl]{Karris, Steven T. Digital Circuit Analysis and Design with Simulink Modeling and Introduction to CPLDs and FPGAs. Orchard Publications, ISBN 978-1-934404-05-8}
@book{karrisdup,
  author = {Karris, Steven T.},
  title = {Digital Circuit Analysis and Design with Simulink Modeling and Introduction to CPLDs and FPGAs},
  publisher = {Orchard Publications},
  isbn = {978-1-934404-05-8}
}

     


%%%%%%
%%%%%%
%



      %%\bibdef{Anton, Howard; Bivens, Irl; Davis, Stephen; Doering, Claus Ivo. Cálculo. Porto Alegre: Bookman, 2007. ISBN 9788560031634 (V.1); 9788560031801 (V.2)}
@book{anton2007,
  author = {Anton, Howard and Bivens, Irl and Davis, Stephen and Doering, Claus Ivo},
  title = {Cálculo},
  publisher = {Bookman},
  address = {Porto Alegre},
  year = {2007},
  isbn = {9788560031634 (V.1); 9788560031801 (V.2)}
}

      

      %%\bibdef{Hwei P. Hsu. Sinais e Sistemas. Porto Alegre: Bookman Cia. Editora, 2011. ISBN 978-85-7780-938-7}
@book{hsu2011,
  author = {Hsu, Hwei P.},
  title = {Sinais e Sistemas},
  publisher = {Bookman Cia. Editora},
  address = {Porto Alegre},
  year = {2011},
  isbn = {978-85-7780-938-7}
}

      

      %%\bibdef[basic]{Hsu, Hwei P.. Análise de Fourier. Rio de Janeiro: Livros Técnicos e Científicos, 1973}
@book{hsu1973,
  author = {Hsu, Hwei P.},
  title = {Análise de Fourier},
  publisher = {Livros Técnicos e Científicos},
  address = {Rio de Janeiro},
  year = {1973}
}

      

      %%\bibdef[basic]{Irene Strauch. Notas de aula: Análise Vetorial, Transformada de Laplace, Análise de Fourier}
@misc{strauch,
  author = {Strauch, Irene},
  title = {Notas de aula: Análise Vetorial, Transformada de Laplace, Análise de Fourier}
}

      

      %%\bibdef[basic]{Kreyszig, Erwin. Matemática superior. Rio de Janeiro: Livros Técnicos e Científicos, 1983-1986. ISBN 8521601816(v.1); 852160355X(v.3); 8521603738(v.4); 8521601808(obra completa)}
@book{kreyszig1983,
  author = {Kreyszig, Erwin},
  title = {Matemática superior},
  publisher = {Livros Técnicos e Científicos},
  address = {Rio de Janeiro},
  year = {1983--1986},
  isbn = {8521601816(v.1); 852160355X(v.3); 8521603738(v.4); 8521601808(obra completa)}
}

      

      %%\bibdef[basic]{Spiegel, Murray Ralph. Análise vetorial :com introdução à análise tensorial. São Paulo: McGraw-Hill, c1972}
@book{spiegel1972,
  author = {Spiegel, Murray Ralph},
  title = {Análise vetorial :com introdução à análise tensorial},
  publisher = {McGraw-Hill},
  address = {São Paulo},
  year = {1972},
  note = {c1972}
}

      

      %%\bibdef[basic]{Spiegel, Murray Ralph. Schaum?s outline of theory and problems of complex variables : with an introduction to conformal mapping and its applications. Nova Iorque: McGraw-Hill, ISBN 978-0071615693}
@book{spiegelcomplex,
  author = {Spiegel, Murray Ralph},
  title = {Schaum?s outline of theory and problems of complex variables : with an introduction to conformal mapping and its applications},
  publisher = {McGraw-Hill},
  address = {Nova Iorque},
  isbn = {978-0071615693}
}

      

      %%\bibdef[basic]{Zill, Dennis G.. Equações diferenciais com aplicações em modelagem. São Paulo: Thomson, 2003. ISBN 8522103143; 9788522103140}
@book{zill2003dup2,
  author = {Zill, Dennis G.},
  title = {Equações diferenciais com aplicações em modelagem},
  publisher = {Thomson},
  address = {São Paulo},
  year = {2003},
  isbn = {8522103143; 9788522103140}
}

      

      %%\bibdef[compl]{Asmar, Nakhle. Partial differential equations and boundary value problems. New Jersey: Prentice-Hall, c2005. ISBN 0131480960}
@book{asmardup2005,
  author = {Asmar, Nakhle},
  title = {Partial differential equations and boundary value problems},
  publisher = {Prentice-Hall},
  address = {New Jersey},
  year = {2005},
  note = {c2005},
  isbn = {0131480960}
}

      

      %%\bibdef[compl]{O'Neil, Peter V.. Advanced engineering mathematics. New York: Brooks/Cole Pub. Co., 2003. ISBN 9780534401306}
@book{oneil2003,
  author = {O'Neil, Peter V.},
  title = {Advanced engineering mathematics},
  publisher = {Brooks/Cole Pub. Co.},
  address = {New York},
  year = {2003},
  isbn = {9780534401306}
}

      

      %%\bibdef[compl]{Spiegel, Murray Ralph. Transformadas de Laplace :resumo da teoria, 263 problemas resolvidos, 614 problemas propostos. São Paulo: McGraw-Hill do Brasil, c1978}
@book{spiegel1978,
  author = {Spiegel, Murray Ralph},
  title = {Transformadas de Laplace :resumo da teoria, 263 problemas resolvidos, 614 problemas propostos},
  publisher = {McGraw-Hill do Brasil},
  address = {São Paulo},
  year = {1978},
  note = {c1978}
}

      

      %%\bibdef[compl]{Strang, Gilbert. Calculus. Cambridge: Wellesley-Cambridge Press, 1991. ISBN 0961408820}
@book{strang1991dup,
  author = {Strang, Gilbert},
  title = {Calculus},
  publisher = {Wellesley-Cambridge Press},
  address = {Cambridge},
  year = {1991},
  isbn = {0961408820}
}

      

      %%\bibdef[compl]{Stroud, K.A.; Booth, Dexter J.. Advanced engineering mathematics :a new edition of further engineering mathematics. New York: Palgrave Macmillan, c2003. ISBN 1403903123}
@book{stroud2003,
  author = {Stroud, K.A. and Booth, Dexter J.},
  title = {Advanced engineering mathematics :a new edition of further engineering mathematics},
  publisher = {Palgrave Macmillan},
  address = {New York},
  year = {2003},
  note = {c2003},
  isbn = {1403903123}
}

      

      %%\bibdef[compl]{Zill, Dennis G.; Cullen, Michael R.. Equações diferenciais. Makron Books: São Paulo, c2001}
@book{zill2001dup2,
  author = {Zill, Dennis G. and Cullen, Michael R.},
  title = {Equações diferenciais},
  publisher = {Makron Books},
  address = {São Paulo},
  year = {2001},
  note = {c2001}
}

     


%%%%%%
%%%%%%
%



      %%\bibdef{Beer, F. P.; Johnston, E. R., Jr., DeWolf, J. T. e Mazurek, D. F.. Estática e Mecânica dos Materiais. McGraw-Hill, 2013. ISBN 978-85-8055-164-8}
@book{beer2013,
  author = {Beer, F. P. and Johnston, E. R., Jr. and DeWolf, J. T. and Mazurek, D. F.},
  title = {Estática e Mecânica dos Materiais},
  publisher = {McGraw-Hill},
  year = {2013},
  isbn = {978-85-8055-164-8}
}

      

      %%\bibdef{E. P. Popov. Introdução à Mecânica dos Sólidos. Blücher, 1978. ISBN 978-85-212-0094-9}
@book{popov1978,
  author = {Popov, E. P.},
  title = {Introdução à Mecânica dos Sólidos},
  publisher = {Blücher},
  year = {1978},
  isbn = {978-85-212-0094-9}
}

      

      %%\bibdef{Hibbeler, Russel C.. Resistência dos Materiais. PEARSON, 2010. ISBN 978-85-7605-373-6}
@book{hibbeler2010,
  author = {Hibbeler, Russel C.},
  title = {Resistência dos Materiais},
  publisher = {PEARSON},
  year = {2010},
  isbn = {978-85-7605-373-6}
}

      

      %%\bibdef[basic]{Gere, James M.. Mecânica dos Materiais. Thomson Pioeira, ISBN 8522103135; 978-85-2210-313-3}
@book{gere,
  author = {Gere, James M.},
  title = {Mecânica dos Materiais},
  publisher = {Thomson Pioeira},
  isbn = {8522103135; 978-85-2210-313-3}
}

      

      %%\bibdef[basic]{J.N. Reddy. Principles of Continuum Mechanics: A study of conservation principles with applications. Cambridge, ISBN 978-0-521-51369-2}
@book{reddy,
  author = {Reddy, J.N.},
  title = {Principles of Continuum Mechanics: A study of conservation principles with applications},
  publisher = {Cambridge},
  isbn = {978-0-521-51369-2}
}

      

      %%\bibdef[basic]{Paulo de Tarso R. Mendonça e Eduardo A. Fancello. O MÉTODO DE ELEMENTOS FINITOS APLICADO À MECÂNICA DOS SÓLIDOS. Florianópolis: Orsa Maggiore, 2019. ISBN 9788590715313}
@book{mendonca2019,
  author = {Mendonça, Paulo de Tarso R. and Fancello, Eduardo A.},
  title = {O MÉTODO DE ELEMENTOS FINITOS APLICADO À MECÂNICA DOS SÓLIDOS},
  publisher = {Orsa Maggiore},
  address = {Florianópolis},
  year = {2019},
  isbn = {9788590715313}
}

      

      %%\bibdef[compl]{Gordon, J.E.. Structures: Or Why Things Don't Fall Down. Editora Penguin Books, ISBN 0306812835}
@book{gordon,
  author = {Gordon, J.E.},
  title = {Structures: Or Why Things Don't Fall Down},
  publisher = {Editora Penguin Books},
  isbn = {0306812835}
}

      

      %%\bibdef[compl]{Pilkey, Walter D.; Chang, Pin Yu.. Modern formulas for statics and dynamics :a stress-and-strain approach. Editora McGraw-Hill, ISBN 0070499985}
@book{pilkey,
  author = {Pilkey, Walter D. and Chang, Pin Yu.},
  title = {Modern formulas for statics and dynamics :a stress-and-strain approach},
  publisher = {Editora McGraw-Hill},
  isbn = {0070499985}
}

      

      %%\bibdef[compl]{Shames, Irving H.. Introdução à mecânica dos sólidos. Editora Prentice Hall do Brasil, ISBN 8570540019}
@book{shames,
  author = {Shames, Irving H.},
  title = {Introdução à mecânica dos sólidos},
  publisher = {Editora Prentice Hall do Brasil},
  isbn = {8570540019}
}

     


%%%%%%
%%%%%%
%



      \classremark{MUDA: etapa e súmula, mantem nome antigo}

      %%\bibdef[basic]{NORTON, Robert L.. Cinemática e Dinâmica dos Mecanismos. McGraw-Hill ? AMGH Editora Ltda, ISBN 9788563308191}
@book{norton,
  author = {Norton, Robert L.},
  title = {Cinemática e Dinâmica dos Mecanismos},
  publisher = {McGraw-Hill ? AMGH Editora Ltda},
  isbn = {9788563308191}
}

      

      %%\bibdef[basic]{UICKER, John J.; PENNOCK, Gordon R.; SHIGLEY, Joseph E.. Theory of Machines and Mechanisms. Oxford University Press, 2011. ISBN 9780195371239}
@book{uicker2011,
  author = {Uicker, John J. and Pennock, Gordon R. and Shigley, Joseph E.},
  title = {Theory of Machines and Mechanisms},
  publisher = {Oxford University Press},
  year = {2011},
  isbn = {9780195371239}
}

      

      %%\bibdef[compl]{MABIE, Hamilton H.; REINHOLTZ, Charles F.. Mechanisms and Dynamics of Machinery. John Wiley, 1987. ISBN 0471802379}
@book{mabie1987,
  author = {Mabie, Hamilton H. and Reinholtz, Charles F.},
  title = {Mechanisms and Dynamics of Machinery},
  publisher = {John Wiley},
  year = {1987},
  isbn = {0471802379}
}

      

      %%\bibdef[compl]{NORTON, Robert L.. DESIGN OF MACHINERY. Porto Alegre: McGraw Hill, 2007. ISBN 007329098x}
@book{norton2007,
  author = {Norton, Robert L.},
  title = {DESIGN OF MACHINERY},
  publisher = {McGraw Hill},
  address = {Porto Alegre},
  year = {2007},
  isbn = {007329098x}
}

     


%%%%%%
%%%%%%
%



      \classremark{MUDA seriação e súmula}
			\classremark{MUDA: etapa e súmula}

      %%\bibdef{Close C. M., Frederick D. K., Newell J. C.. Modeling and Analysis of Dynamic Systems. USA: Wiley, 2001. ISBN 9780471394426}
@book{close2001,
  author = {Close, C. M. and Frederick, D. K. and Newell, J. C.},
  title = {Modeling and Analysis of Dynamic Systems},
  publisher = {Wiley},
  address = {USA},
  year = {2001},
  isbn = {9780471394426}
}

      

      %%\bibdef{Kluever, C. A.. Dynamic Systems: Modeling, Simulation, and Control. New York, USA: Wiley, 2015. ISBN 978-1118289457}
@book{kluever2015,
  author = {Kluever, C. A.},
  title = {Dynamic Systems: Modeling, Simulation, and Control},
  publisher = {Wiley},
  address = {New York, USA},
  year = {2015},
  isbn = {978-1118289457}
}

      

      %%\bibdef{Palm III, W. J.. System Dynamics. McGraw-Hill, 2013. ISBN 9780073398068}
@book{palm2013,
  author = {Palm III, W. J.},
  title = {System Dynamics},
  publisher = {McGraw-Hill},
  year = {2013},
  isbn = {9780073398068}
}

      


      %%\bibdef[basic]{Kulakowski, B. T., Gardner, J. F., Shearer, J. L.. Dynamic Modeling and Control of Engineering Systems. Cambridge, UK: Cambridge University Press, 2012. ISBN 978-1107650442}
@book{kulakowski2012,
  author = {Kulakowski, B. T. and Gardner, J. F. and Shearer, J. L.},
  title = {Dynamic Modeling and Control of Engineering Systems},
  publisher = {Cambridge University Press},
  address = {Cambridge, UK},
  year = {2012},
  isbn = {978-1107650442}
}

      

      %%\bibdef[basic]{Lu, B., Esfandiari, R. S.. Modeling and Analysis of Dynamic Systems. Boca Raton, FL, USA: CRC Press, 2014. ISBN 9781466574939}
@book{lu2014,
  author = {Lu, B. and Esfandiari, R. S.},
  title = {Modeling and Analysis of Dynamic Systems},
  publisher = {CRC Press},
  address = {Boca Raton, FL, USA},
  year = {2014},
  isbn = {9781466574939}
}

      

      %%\bibdef[basic]{Palm III, W.J.. Modeling, Analysis and Control of Dynamic Systems. USA: John Wiley, 1999. ISBN 9780471073703}
@book{palm1999,
  author = {Palm III, W.J.},
  title = {Modeling, Analysis and Control of Dynamic Systems},
  publisher = {John Wiley},
  address = {USA},
  year = {1999},
  isbn = {9780471073703}
}

      

      %%\bibdef[basic]{Rao, S. S.. Vibrações Mecânicas. Pearson, 2008. ISBN 9788576052005}
@book{rao2008,
  author = {Rao, S. S.},
  title = {Vibrações Mecânicas},
  publisher = {Pearson},
  year = {2008},
  isbn = {9788576052005}
}

      

      %%\bibdef[compl]{Das, S.. Mechatronic Modeling and Simulation Using Bond Graphs. CRC Press, 2009. ISBN 9781420073140}
@book{das2009,
  author = {Das, S.},
  title = {Mechatronic Modeling and Simulation Using Bond Graphs},
  publisher = {CRC Press},
  year = {2009},
  isbn = {9781420073140}
}

      

      %%\bibdef[compl]{Franklin, G., Powell, J. D., Emami-Naeini, A.. Sistemas de Controle para Engenharia. Bookman, 2013. ISBN 9788582600672}
@book{franklin2013,
  author = {Franklin, G. and Powell, J. D. and Emami-Naeini, A.},
  title = {Sistemas de Controle para Engenharia},
  publisher = {Bookman},
  year = {2013},
  isbn = {9788582600672}
}

      

      %%\bibdef[compl]{Golnaraghi, M. F., Kuo, B. C.. Sistemas de controle automático. LTC-GEN, ISBN 9788521606727}
@book{golnaraghi,
  author = {Golnaraghi, M. F. and Kuo, B. C.},
  title = {Sistemas de controle automático},
  publisher = {LTC-GEN},
  isbn = {9788521606727}
}

      

      %%\bibdef[compl]{Ogata, K.. Engenharia de Controle Moderno. Pearson Prentice Hall, ISBN 9788576058106}
@book{ogata,
  author = {Ogata, K.},
  title = {Engenharia de Controle Moderno},
  publisher = {Pearson Prentice Hall},
  isbn = {9788576058106}
}

      


%%%%%%%%%%%%%%%%%
%%%%%%%%%%%%%%%%%
%%%
%%%  Etapa 05
%%%
%%%%%%%%%%%%%%%%%
%%%%%%%%%%%%%%%%%



%%%%%%
%%%%%%
%



      \classremark{MUDA: etapa e súmula}

      %%\bibdef{Sedra, Adel S.; Smith, Kenneth C.. Microeletrônica. São Paulo, SP: Pearson Universidades, 2007. ISBN 9788576050223}
@book{sedra2007,
  author = {Sedra, Adel S. and Smith, Kenneth C.},
  title = {Microeletrônica},
  publisher = {Pearson Universidades},
  address = {São Paulo, SP},
  year = {2007},
  isbn = {9788576050223}
}

      

      %%\bibdef[basic]{Millman, J.; Halkias C.; Parikh, C.D.. MILLMAN'S INTEGRATED ELECTRONICS. McGraw-Hill, 2010. ISBN 0070151423}
@book{millman2010,
  author = {Millman, J. and Halkias, C. and Parikh, C.D.},
  title = {MILLMAN'S INTEGRATED ELECTRONICS},
  publisher = {McGraw-Hill},
  year = {2010},
  isbn = {0070151423}
}

      

      %%\bibdef[basic]{Schilling, Donald L.; Belove, Charles. Circuitos eletrônicos :discretos e integrados. Guanabara Dois}
@book{schilling,
  author = {Schilling, Donald L. and Belove, Charles},
  title = {Circuitos eletrônicos :discretos e integrados},
  publisher = {Guanabara Dois}
}

      

      %%\bibdef[compl]{Behzad Razavi. Fundamentos de Microeletrônica. LTC - Grupo GEN, ISBN 9788521617327}
@book{razavi,
  author = {Razavi, Behzad},
  title = {Fundamentos de Microeletrônica},
  publisher = {LTC - Grupo GEN},
  isbn = {9788521617327}
}

      

      %%\bibdef[compl]{Boylestad, Robert L.; Nashelsky, Louis. Dispositivos eletrônicos e teoria de circuitos. Prentice-Hall do Brasil, ISBN 8587918222}
@book{boylestad,
  author = {Boylestad, Robert L. and Nashelsky, Louis},
  title = {Dispositivos eletrônicos e teoria de circuitos},
  publisher = {Prentice-Hall do Brasil},
  isbn = {8587918222}
}

     


%%%%%%
%%%%%%
%



      %%\bibdef{C. K. Alexander, M. N. O. Sadiku. Fundamentos de Circuitos Elétricos. McGraw-Hill, 2008. ISBN 978-85-86804-97-7}
@book{alexander2008,
  author = {Alexander, C. K. and Sadiku, M. N. O.},
  title = {Fundamentos de Circuitos Elétricos},
  publisher = {McGraw-Hill},
  year = {2008},
  isbn = {978-85-86804-97-7}
}

      

      %%\bibdef{J. W. Nilsson. Circuitos Elétricos. Rio de Janeiro: Pearson Prentice-Hall, 1999. ISBN 978-85-7605-159-6}
@book{nilsson1999,
  author = {Nilsson, J. W.},
  title = {Circuitos Elétricos},
  publisher = {Pearson Prentice-Hall},
  address = {Rio de Janeiro},
  year = {1999},
  isbn = {978-85-7605-159-6}
}

      

      %%\bibdef{J David Irwin. Análise Básica de Circuitos para Engenharia. LTC, 2003. ISBN 85-216-1374-1}
@book{irwin2003dup,
  author = {Irwin, J David},
  title = {Análise Básica de Circuitos para Engenharia},
  publisher = {LTC},
  year = {2003},
  isbn = {85-216-1374-1}
}

      

      %%\bibdef[compl]{C. A. Desoer, E. S. Kuh. Teoria Básica de Circuitos. Guanabara Dois, 1979}
@book{desoer1979dup,
  author = {Desoer, C. A. and Kuh, E. S.},
  title = {Teoria Básica de Circuitos},
  publisher = {Guanabara Dois},
  year = {1979}
}

      

      %%\bibdef[compl]{J. Bird. Circuitos Elétricos - Teoria e Tencnologia. Campus, 2009. ISBN 978-85-352-2771-0}
@book{bird2009dup,
  author = {Bird, J.},
  title = {Circuitos Elétricos - Teoria e Tencnologia},
  publisher = {Campus},
  year = {2009},
  isbn = {978-85-352-2771-0}
}

      

      %%\bibdef[compl]{W. H. Hayt Jr., J. E. Kemmerly, S. M. Durbin. Análise de Circuitos em Engenharia. McGraw-Hill, 2008. ISBN 978-85-7726-021-8}
@book{hayt2008dup,
  author = {Hayt, W. H. Jr. and Kemmerly, J. E. and Durbin, S. M.},
  title = {Análise de Circuitos em Engenharia},
  publisher = {McGraw-Hill},
  year = {2008},
  isbn = {978-85-7726-021-8}
}

      

      %%\bibdef[compl]{Yannis Tsividis. A First Lab in Circuits and Electronics. Wiley, 2001. ISBN 978-0-471-38695-7}
@book{tsividis2001,
  author = {Tsividis, Yannis},
  title = {A First Lab in Circuits and Electronics},
  publisher = {Wiley},
  year = {2001},
  isbn = {978-0-471-38695-7}
}

     

%%%%%%
%%%%%% I'M HERE !!!


%%%%%%
%%%%%%
%



      %%\bibdef{Haykin, Simon; Van Veen, Barry; Laschuk, Anatolio. Sinais e sistemas. Porto Alegre: Bookman, 2001. ISBN 8573077417; 9788573077414}
@book{haykin2001,
  author = {Haykin, Simon and Van Veen, Barry and Laschuk, Anatolio},
  title = {Sinais e sistemas},
  publisher = {Bookman},
  address = {Porto Alegre},
  year = {2001},
  isbn = {8573077417; 9788573077414}
}

      

      %%\bibdef[basic]{Franklin, Gene F.; Powell, J. David; Emami-Naeini, Abbas. Feedback control of dynamic systems. Upper Saddle River, N.J.: Pearson Prentice Hall, c2006. ISBN 0131499300}
@book{franklin2006,
  author = {Franklin, Gene F. and Powell, J. David and Emami-Naeini, Abbas},
  title = {Feedback control of dynamic systems},
  publisher = {Pearson Prentice Hall},
  address = {Upper Saddle River, N.J.},
  year = {2006},
  note = {c2006},
  isbn = {0131499300}
}

      

      %%\bibdef[basic]{Lathi, B. P.. Sinais e sistemas lineares. Porto Alegre: Bookman, 2007. ISBN 0195158334 (obra original); 9788560031139}
@book{lathi2007,
  author = {Lathi, B. P.},
  title = {Sinais e sistemas lineares},
  publisher = {Bookman},
  address = {Porto Alegre},
  year = {2007},
  isbn = {0195158334 (obra original); 9788560031139}
}

      

      %%\bibdef[basic]{Oppenheim, Alan V.; Willsky, Alan S.; Nawab, Syed Hamid. Signals. Upper Saddle River, N.J.: Prentice Hall, c1997. ISBN 0138147574}
@book{oppenheim1997,
  author = {Oppenheim, Alan V. and Willsky, Alan S. and Nawab, Syed Hamid},
  title = {Signals},
  publisher = {Prentice Hall},
  address = {Upper Saddle River, N.J.},
  year = {1997},
  note = {c1997},
  isbn = {0138147574}
}

      

      %%\bibdef[compl]{Geromel, José Claudio; Palhares, Alvaro Geraldo Badan. Análise linear de sistemas dinâmicos :teoria, ensaios práticos e exercícios. São Paulo: Edgard Blücher, 2004. ISBN 8521203357; 9788521203353}
@book{geromel2004,
  author = {Geromel, José Claudio and Palhares, Alvaro Geraldo Badan},
  title = {Análise linear de sistemas dinâmicos :teoria, ensaios práticos e exercícios},
  publisher = {Edgard Blücher},
  address = {São Paulo},
  year = {2004},
  isbn = {8521203357; 9788521203353}
}

      

      %%\bibdef[compl]{Hsu, Hwei P.. Sinais e Sistemas. Porto Alegre: Bookman, 2004. ISBN 8536303603}
@book{hsu2004,
  author = {Hsu, Hwei P.},
  title = {Sinais e Sistemas},
  publisher = {Bookman},
  address = {Porto Alegre},
  year = {2004},
  isbn = {8536303603}
}

      

      %%\bibdef[compl]{Olivier, J. C.. Linear Systems and Signals: A Primer. Norwood, MA: Artech House, 2019}
@book{olivier2019,
  author = {Olivier, J. C.},
  title = {Linear Systems and Signals: A Primer},
  publisher = {Artech House},
  address = {Norwood, MA},
  year = {2019}
}

     


%%%%%%
%%%%%%
%



      \classremark{DISCIPLINA NOVA}

      %%\bibdef{C. Borgnakke, R. E. Sonntag, G. J. Van Wylen. Fundamentos da Termodinâmica. São Paulo: Edgard Blucher, 2009. ISBN 9788521204909}
@book{borgnakke2009,
  author = {Borgnakke, C. and Sonntag, R. E. and Van Wylen, G. J.},
  title = {Fundamentos da Termodinâmica},
  publisher = {Edgard Blucher},
  address = {São Paulo},
  year = {2009},
  isbn = {9788521204909}
}

      

      %%\bibdef{J. M. Smith, H. C. Van Ness, M. M. Abbott. Introdução à Termodinâmica da Engenharia Química. Rio de Janeiro: LTC - Livros Técnicos e Científicos, 205. ISBN 9788521615538}
@book{smith205,
  author = {Smith, J. M. and Van Ness, H. C. and Abbott, M. M.},
  title = {Introdução à Termodinâmica da Engenharia Química},
  publisher = {LTC - Livros Técnicos e Científicos},
  address = {Rio de Janeiro},
  year = {205},
  isbn = {9788521615538}
}

      

      %%\bibdef[basic]{Milo D. Koretsky. Termodinâmica para a Engenharia Química. Rio de Janeiro: LTC, 2017. ISBN 9788521615309}
@book{koretsky2017,
  author = {Koretsky, Milo D.},
  title = {Termodinâmica para a Engenharia Química},
  publisher = {LTC},
  address = {Rio de Janeiro},
  year = {2017},
  isbn = {9788521615309}
}

     


%%%%%%
%%%%%%
%



      \classremark{MUDA ETAPA}

      %%\bibdef[basic]{Craig, John J.. Introduction to robotics :mechanics and control. Upper Saddle River, N.J.: Pearson Prentice Hall, c2005. ISBN 0201543613; 9780201543612}
@book{craig2005,
  author = {Craig, John J.},
  title = {Introduction to robotics :mechanics and control},
  publisher = {Pearson Prentice Hall},
  address = {Upper Saddle River, N.J.},
  year = {2005},
  note = {c2005},
  isbn = {0201543613; 9780201543612}
}

      

      %%\bibdef[basic]{Fu, K. S., Gonzales, R. C., Lee, C. S. G.. Robotics Control, Sensing, Vision and Intelligence. New York: McGraw-Hill, 1987}
@book{fu1987,
  author = {Fu, K. S. and Gonzales, R. C. and Lee, C. S. G.},
  title = {Robotics Control, Sensing, Vision and Intelligence},
  publisher = {McGraw-Hill},
  address = {New York},
  year = {1987}
}

      

      %%\bibdef[compl]{Asada, Haruhiko; Slotine, Jean-Jacques E.. Robot analysis and control. New York: John Wiley, c1986. ISBN 471830291; 9780471830290}
@book{asada1986,
  author = {Asada, Haruhiko and Slotine, Jean-Jacques E.},
  title = {Robot analysis and control},
  publisher = {John Wiley},
  address = {New York},
  year = {1986},
  note = {c1986},
  isbn = {471830291; 9780471830290}
}

      

      %%\bibdef[compl]{Goebel, P.. ROS by Example - INDIGO. Raleigh, NC: Lulu, 2015. ISBN 9781312392663}
@book{goebel2015,
  author = {Goebel, P.},
  title = {ROS by Example - INDIGO},
  publisher = {Lulu},
  address = {Raleigh, NC},
  year = {2015},
  isbn = {9781312392663}
}

      

      %%\bibdef[compl]{Martinez, A., Fernández, E.. Learning ROS for Robotics Programming. Birmingham, UK: Packt Publishing, 2013. ISBN 978-1-78216-144-8}
@book{martinez2013,
  author = {Martinez, A. and Fernández, E.},
  title = {Learning ROS for Robotics Programming},
  publisher = {Packt Publishing},
  address = {Birmingham, UK},
  year = {2013},
  isbn = {978-1-78216-144-8}
}

      

      %%\bibdef[compl]{O'Kane, J. M.. A Gentle Introduction to ROS. CreateSpace, 2013. ISBN 978-1492143239}
@book{okane2013,
  author = {O'Kane, J. M.},
  title = {A Gentle Introduction to ROS},
  publisher = {CreateSpace},
  year = {2013},
  isbn = {978-1492143239}
}

      

      %%\bibdef[compl]{Romano, Vitor Ferreira. Robótica industrial:Vaplicação na indústria de manufatura e de processos. São Paulo: Edgard Blücher, c2002. ISBN 8521203152}
@book{romano2002,
  author = {Romano, Vitor Ferreira},
  title = {Robótica industrial:Vaplicação na indústria de manufatura e de processos},
  publisher = {Edgard Blücher},
  address = {São Paulo},
  year = {2002},
  note = {c2002},
  isbn = {8521203152}
}

     


%%%%%%
%%%%%%
%



      \classremark{MUDA ETAPA}

      %%\bibdef[basic]{John J. Craig. Robótica. Pearson, 2013. ISBN 9788581431284}
@book{craig2013,
  author = {Craig, John J.},
  title = {Robótica},
  publisher = {Pearson},
  year = {2013},
  isbn = {9788581431284}
}

      

      %%\bibdef[basic]{Saeed Benjamin Niku. Introdução á Robótica - Análise, Controle, Aplicações. Rio de Janeiro: LTC, 2013. ISBN 9788521622376}
@book{niku2013,
  author = {Niku, Saeed Benjamin},
  title = {Introdução á Robótica - Análise, Controle, Aplicações},
  publisher = {LTC},
  address = {Rio de Janeiro},
  year = {2013},
  isbn = {9788521622376}
}

      

      %%\bibdef[compl]{Bruno Siciliano, Lorenzo Sciavicco, Luigi Villani, Giuseppe Oriolo. Robotics Modelling, Planning and Control. Springer, ISBN 9781846286414}
@book{siciliano,
  author = {Siciliano, Bruno and Sciavicco, Lorenzo and Villani, Luigi and Oriolo, Giuseppe},
  title = {Robotics Modelling, Planning and Control},
  publisher = {Springer},
  isbn = {9781846286414}
}

      

      %%\bibdef[compl]{Fernando Pazos. Automação de Sistemas. Rio de Janeiro: Axcel Books, 2002. ISBN 8573231718}
@book{pazos2002,
  author = {Pazos, Fernando},
  title = {Automação de Sistemas},
  publisher = {Axcel Books},
  address = {Rio de Janeiro},
  year = {2002},
  isbn = {8573231718}
}

      

      %%\bibdef[compl]{João Maurício Rosário. Princípios de Mecatrônica. São Paulo: Pearson Prentice Hall, 2005. ISBN 8576050102; 9788576050100}
@book{rosario2005,
  author = {Rosário, João Maurício},
  title = {Princípios de Mecatrônica},
  publisher = {Pearson Prentice Hall},
  address = {São Paulo},
  year = {2005},
  isbn = {8576050102; 9788576050100}
}

      

      %%\bibdef[compl]{Mark W. Spong, Seth Hutchinson e M. Vidyasagar. Robot Modeling and Control. John Wiley, 2005. ISBN 9780471649908}
@book{spong2005,
  author = {Spong, Mark W. and Hutchinson, Seth and Vidyasagar, M.},
  title = {Robot Modeling and Control},
  publisher = {John Wiley},
  year = {2005},
  isbn = {9780471649908}
}

      

      %%\bibdef[compl]{Mikell P. Groover,. Industrial robotics: technology, programming and applications. Editora McGraw-Hill, ISBN 007024989x}
@book{groover,
  author = {Groover, Mikell P.},
  title = {Industrial robotics: technology, programming and applications},
  publisher = {Editora McGraw-Hill},
  isbn = {007024989x}
}

      


%%%%%%%%%%%%%%%%%
%%%%%%%%%%%%%%%%%
%%%
%%%  Etapa 06
%%%
%%%%%%%%%%%%%%%%%
%%%%%%%%%%%%%%%%%




%%%%%%
%%%%%%
%



      %%\bibdef{A. E. Fitzgerald, C . Kingsley Jr, S. D. Umans. Máquinas Elétricas. Bookman, ISBN 978-85- 60031-04-7}
@book{fitzgerald,
  author = {Fitzgerald, A. E. and Kingsley, C. Jr and Umans, S. D.},
  title = {Máquinas Elétricas},
  publisher = {Bookman},
  isbn = {978-85-60031-04-7}
}

      

      %%\bibdef{D. C . White, H. H. Woodson. Electromechanical Energy Conversion. John Wiley, ISBN 978- 0262230292}
@book{white,
  author = {White, D. C. and Woodson, H. H.},
  title = {Electromechanical Energy Conversion},
  publisher = {John Wiley},
  isbn = {978-0262230292}
}

      

      %%\bibdef{Edson Bim. Máquinas Elétricas e Acionamento. Campus/Elsevier, ISBN 9788535230291}
@book{bim,
  author = {Bim, Edson},
  title = {Máquinas Elétricas e Acionamento},
  publisher = {Campus/Elsevier},
  isbn = {9788535230291}
}

      

      %%\bibdef[basic]{A. Ivanon-Smolensky. Electrical Machines. MIR, 1980}
@book{ivanon1980,
  author = {Ivanon-Smolensky, A.},
  title = {Electrical Machines},
  publisher = {MIR},
  year = {1980}
}

      

      %%\bibdef[basic]{M. Kostenko, L. Piotrovski. Máquinas Eléctricas. Lopes da Silva, 1979}
@book{kostenko1979,
  author = {Kostenko, M. and Piotrovski, L.},
  title = {Máquinas Eléctricas},
  publisher = {Lopes da Silva},
  year = {1979}
}

      

      %%\bibdef[basic]{P. C . Krause. Analysis of electric machinery and drive systems. Wiley, ISBN 9781118024294}
@book{krause,
  author = {Krause, P. C.},
  title = {Analysis of electric machinery and drive systems},
  publisher = {Wiley},
  isbn = {9781118024294}
}

      

      %%\bibdef[basic]{Syed A. Nasar. Electric Machines and Power Systems. McGraw-Hill, ISBN 978-0071135269}
@book{nasar,
  author = {Nasar, Syed A.},
  title = {Electric Machines and Power Systems},
  publisher = {McGraw-Hill},
  isbn = {978-0071135269}
}

      

      %%\bibdef[compl]{C harles A. Gros. Electric Machines. CRC Press, ISBN 9780849385810}
@book{gros,
  author = {Gros, C harles A.},
  title = {Electric Machines},
  publisher = {CRC Press},
  isbn = {9780849385810}
}

      

      %%\bibdef[compl]{Kay Hameier. Numerical Modelling and Design of Electrical Machines and Devices. WIT Press, ISBN 978-1853126260}
@book{hameier,
  author = {Hameier, Kay},
  title = {Numerical Modelling and Design of Electrical Machines and Devices},
  publisher = {WIT Press},
  isbn = {978-1853126260}
}

      

      %%\bibdef[compl]{S. J. C hapman. Electric Machinery Fundamentals. McGraw-Hill, ISBN 9780072465235}
@book{chapman,
  author = {C hapman, S. J.},
  title = {Electric Machinery Fundamentals},
  publisher = {McGraw-Hill},
  isbn = {9780072465235}
}

     


%%%%%%
%%%%%%
%



      \classremark{MUDA: pré-requisitos}

      %%\bibdef{Balbinot A., Brusamarello, V. J.. Instrumentação e Fundamentos de Medidas. GEN, 2011. ISBN 9788521615637}
@book{balbinot2011,
  author = {Balbinot, A. and Brusamarello, V. J.},
  title = {Instrumentação e Fundamentos de Medidas},
  publisher = {GEN},
  year = {2011},
  isbn = {9788521615637}
}

      

      %%\bibdef{Balbinot, A., Brusamarello V. J.. Instrumentação e Fundamentos de Medidas. GEN, ISBN 8521614969}
@book{balbinot,
  author = {Balbinot, A. and Brusamarello, V. J.},
  title = {Instrumentação e Fundamentos de Medidas},
  publisher = {GEN},
  isbn = {8521614969}
}

      

      %%\bibdef[basic]{DOEBELIN, O.. Measurement Systems. McGraw-Hill, ISBN 9780071077606}
@book{doebelin,
  author = {Doebelin, O.},
  title = {Measurement Systems},
  publisher = {McGraw-Hill},
  isbn = {9780071077606}
}

      

      %%\bibdef[basic]{FRADEN, J.. Handbook of Modern Sensors. Springer AIP Press, 2010. ISBN 1441964657}
@book{fraden2010,
  author = {Fraden, J.},
  title = {Handbook of Modern Sensors},
  publisher = {Springer AIP Press},
  year = {2010},
  isbn = {1441964657}
}

      

      %%\bibdef[basic]{PALLÀS-ARENI R., WEBSTER J. G.. Sensors and Signal Conditioning. John Wiley, ISBN 0471332321}
@book{pallas,
  author = {Pallàs-Areni, R. and Webster, J. G.},
  title = {Sensors and Signal Conditioning},
  publisher = {John Wiley},
  isbn = {0471332321}
}

    
 
%%??    
%% MISSING 2: considine and homan    
%% from ENG10022
      

      %%\bibdef[compl]...(truncated 23581 characters)... %%\bibdef{M. H. Rashid. Eletrônica de potência : dispositivos, circuitos e aplicações.. Pearson Education do Brasil, 2015. ISBN 9788543005942}
@book{rashid2015,
  author = {Rashid, M. H.},
  title = {Eletrônica de potência : dispositivos, circuitos e aplicações.},
  publisher = {Pearson Education do Brasil},
  year = {2015},
  isbn = {9788543005942}
}

      

      %%\bibdef{Ned Mohan. Power electronics : converters, applications, and design.. John Wiley, 2003. ISBN 9780471226932}
@book{mohan2003,
  author = {Mohan, Ned},
  title = {Power electronics : converters, applications, and design.},
  publisher = {John Wiley},
  year = {2003},
  isbn = {9780471226932}
}

      

      %%\bibdef[basic]{B. K. Bose. Power electronics and variable frequency drives : technology and applications.. IEEE Press, 1997. ISBN 0780310845}
@book{bose1997,
  author = {Bose, B. K.},
  title = {Power electronics and variable frequency drives : technology and applications.},
  publisher = {IEEE Press},
  year = {1997},
  isbn = {0780310845}
}

      

      %%\bibdef[basic]{Haitham Abu-Rub, Mariusz Malinowski, Kamal Al-Haddad. Power Electronics for Renewable Energy Systems, Transportation and Industrial Applications. New York: Wiley-IEEE Press, 2014. ISBN 978-1-118-63403-5}
@book{aburub2014,
  author = {Abu-Rub, Haitham and Malinowski, Mariusz and Al-Haddad, Kamal},
  title = {Power Electronics for Renewable Energy Systems, Transportation and Industrial Applications},
  publisher = {Wiley-IEEE Press},
  address = {New York},
  year = {2014},
  isbn = {978-1-118-63403-5}
}

      

      %%\bibdef[basic]{J. M. D. Murphy. Power electronic control of AC motors.. Pergamon, 1988. ISBN 0080226833}
@book{murphy1988,
  author = {Murphy, J. M. D.},
  title = {Power electronic control of AC motors.},
  publisher = {Pergamon},
  year = {1988},
  isbn = {0080226833}
}

      

      %%\bibdef[basic]{Martins, D. C.; Barbi, Ivo. Eletrônica de potência : conversores CC-CC básicos não isolados. Florianópolis: Florianópolis Ed. do Autor 2000., 2000. ISBN 859010463X}
@book{martins2000,
  author = {Martins, D. C. and Barbi, Ivo},
  title = {Eletrônica de potência : conversores CC-CC básicos não isolados},
  publisher = {Florianópolis Ed. do Autor 2000.},
  address = {Florianópolis},
  year = {2000},
  isbn = {859010463X}
}

      

      %%\bibdef[basic]{Martins, D. C.; Barbi, Ivo. Introdução ao Estudo dos Conversores CC-CA. Florianópolis: INEP, 2005. ISBN 9788590520313}
@book{martins2005,
  author = {Martins, D. C. and Barbi, Ivo},
  title = {Introdução ao Estudo dos Conversores CC-CA},
  publisher = {INEP},
  address = {Florianópolis},
  year = {2005},
  isbn = {9788590520313}
}

      

      %%\bibdef[basic]{P. C. Sen. Principles of electric machines and power electronics.. John Wiley, 1989. ISBN 047185845}
@book{sen1989,
  author = {Sen, P. C.},
  title = {Principles of electric machines and power electronics.},
  publisher = {John Wiley},
  year = {1989},
  isbn = {047185845}
}

      

      %%\bibdef[compl]{Barbi, Ivo. Eletrônica de Potência. Florianópolis: Do autor, 2006}
@book{barbi2006,
  author = {Barbi, Ivo},
  title = {Eletrônica de Potência},
  publisher = {Do autor},
  address = {Florianópolis},
  year = {2006}
}

      

      %%\bibdef[compl]{M. E. El-Hawary. Principles of electric machines with power electronic applications.. IEEE Press, 2002. ISBN 0471208124}
@book{elhawary2002,
  author = {El-Hawary, M. E.},
  title = {Principles of electric machines with power electronic applications.},
  publisher = {IEEE Press},
  year = {2002},
  isbn = {0471208124}
}

      

      %%\bibdef[compl]{Math H. J. Bollen,? Fainan Hassan. Integration of Distributed Generation in the Power System. New York: IEEE Computer Society Press, 2011. ISBN 978-0470643372}
@book{bollen2011,
  author = {Bollen, Math H. J. and Hassan, Fainan},
  title = {Integration of Distributed Generation in the Power System},
  publisher = {IEEE Computer Society Press},
  address = {New York},
  year = {2011},
  isbn = {978-0470643372}
}

      


%%%%%%%%%%%%%%%%%
%%%%%%%%%%%%%%%%%
%%%
%%%  Etapa 10
%%%
%%%%%%%%%%%%%%%%%
%%%%%%%%%%%%%%%%%



%%%%%%
%%%%%%
%\Cdef[Transv.outros]<-1>{ENG03010}{3}{ob}



      %%\bibdef{Ricardo Kohn de Macedo. Gestão Ambiental. rio de janeiro: ABES, ISBN 8570221169}
@book{macedo,
  author = {Macedo, Ricardo Kohn de},
  title = {Gestão Ambiental},
  publisher = {ABES},
  address = {rio de janeiro},
  isbn = {8570221169}
}

      

      %%\bibdef{Vesilind, P. Aarne/ Morgan, Susan M.. Introdução a Engenharia Ambiental. São Paulo: Cengage Learning, 1991. ISBN 978-85-221-0718-6}
@book{vesilind1991,
  author = {Vesilind, P. Aarne and Morgan, Susan M.},
  title = {Introdução a Engenharia Ambiental},
  publisher = {Cengage Learning},
  address = {São Paulo},
  year = {1991},
  isbn = {978-85-221-0718-6}
}

      

      %%\bibdef[basic]{Lixo municipal :manual de gerenciamento integrado. São Paulo: IPT, 2000. ISBN 8509001138}
@book{lixo2000,
  title = {Lixo municipal :manual de gerenciamento integrado},
  publisher = {IPT},
  address = {São Paulo},
  year = {2000},
  isbn = {8509001138}
}

      

      %%\bibdef[basic]{Aisse, Miguel Mansur; Obladen, Nicolau Leopoldo. Tratamento de esgotos por biodigestão anaeróbia. [Curitiba: CNPq, 1982?]}
@book{aisse1982,
  author = {Aisse, Miguel Mansur and Obladen, Nicolau Leopoldo},
  title = {Tratamento de esgotos por biodigestão anaeróbia},
  publisher = {CNPq},
  address = {[Curitiba},
  year = {1982?}
}

      

      %%\bibdef[basic]{Azevedo Netto, Jose Martiniano de. Sistemas de esgotos sanitários. São Paulo: Companhia de Tecnologia de Saneamento Ambiental, 1977}
@book{azevedo1977,
  author = {Azevedo Netto, Jose Martiniano de},
  title = {Sistemas de esgotos sanitários},
  publisher = {Companhia de Tecnologia de Saneamento Ambiental},
  address = {São Paulo},
  year = {1977}
}

      

      %%\bibdef[basic]{Lima, Luiz Mario Queiroz. Tratamento de lixo. Sao Paulo: Hemus, 1991}
@book{lima1991,
  author = {Lima, Luiz Mario Queiroz},
  title = {Tratamento de lixo},
  publisher = {Hemus},
  address = {Sao Paulo},
  year = {1991}
}

      

      %%\bibdef[basic]{Menegat, Rualdo; Porto, Maria Luiza; Carraro, Clóvis Carlos; Fernandes, Luís Alberto D'Ávila. Atlas ambiental de Porto Alegre. Porto Alegre: Editora da Universidade/UFRGS, 2006. ISBN 8570259123}
@book{menegat2006,
  author = {Menegat, Rualdo and Porto, Maria Luiza and Carraro, Clóvis Carlos and Fernandes, Luís Alberto D'Ávila},
  title = {Atlas ambiental de Porto Alegre},
  publisher = {Editora da Universidade/UFRGS},
  address = {Porto Alegre},
  year = {2006},
  isbn = {8570259123}
}

      

      %%\bibdef[basic]{Valle, Cyro Eyer do. Como se preparar para as normas iso 14000 :qualidade ambiental. Sao Paulo: Pioneira, 1996. ISBN 8522100101}
@book{valle1996,
  author = {Valle, Cyro Eyer do},
  title = {Como se preparar para as normas iso 14000 :qualidade ambiental},
  publisher = {Pioneira},
  address = {Sao Paulo},
  year = {1996},
  isbn = {8522100101}
}

      

      %%\bibdef[compl]{Campbell, Stu. Manual de compostagem para hortas e jardins :como aproveitar o lixo organico domestico. Sao Paulo: Nobel, 1995. ISBN 8521308868}
@book{campbell1995,
  author = {Campbell, Stu},
  title = {Manual de compostagem para hortas e jardins :como aproveitar o lixo organico domestico},
  publisher = {Nobel},
  address = {Sao Paulo},
  year = {1995},
  isbn = {8521308868}
}

      

      %%\bibdef[compl]{Ely, Aloisio. Economia do meio ambiente :uma apreciação introdutória interdisciplinar da poluição, ecologia e qualidade ambiental. Porto Alegre: FEE, 1990}
@book{ely1990,
  author = {Ely, Aloisio},
  title = {Economia do meio ambiente :uma apreciação introdutória interdisciplinar da poluição, ecologia e qualidade ambiental},
  publisher = {FEE},
  address = {Porto Alegre},
  year = {1990}
}

      

      %%\bibdef[compl]{Franciss, Fernando Olavo. Hidráulica de meios permeáveis :escoamento em meios porosos. Rio de Janeiro: Interciência, 1980}
@book{franciss1980,
  author = {Franciss, Fernando Olavo},
  title = {Hidráulica de meios permeáveis :escoamento em meios porosos},
  publisher = {Interciência},
  address = {Rio de Janeiro},
  year = {1980}
}

      

      %%\bibdef[compl]{Jacobi, Pedro Roberto. Movimentos sociais e políticas públicas :demandas por saneamento básico e saúde, São Paulo 1974-84. São Paulo: Cortez, 1989. ISBN 8524901713 (broch.)}
@book{jacobi1989,
  author = {Jacobi, Pedro Roberto},
  title = {Movimentos sociais e políticas públicas :demandas por saneamento básico e saúde, São Paulo 1974-84},
  publisher = {Cortez},
  address = {São Paulo},
  year = {1989},
  isbn = {8524901713 (broch.)}
}

      

      %%\bibdef[compl]{Knijnik, Roberto. Energia e meio ambiente em Porto Alegre :bases para o desenvolvimento. Porto Alegre: Dmae, 1994}
@book{knijnik1994,
  author = {Knijnik, Roberto},
  title = {Energia e meio ambiente em Porto Alegre :bases para o desenvolvimento},
  publisher = {Dmae},
  address = {Porto Alegre},
  year = {1994}
}

      

      %%\bibdef[compl]{Mandelli, Suzana Maria de Conto; Lima, Luiz Mario Queiroz; Ojima, Mário K.. Tratamento de resíduos sólidos:compêndio de publicações. Caxias do Sul: Ed. do Autor, 1991}
@book{mandelli1991,
  author = {Mandelli, Suzana Maria de Conto and Lima, Luiz Mario Queiroz and Ojima, Mário K.},
  title = {Tratamento de resíduos sólidos:compêndio de publicações},
  publisher = {Ed. do Autor},
  address = {Caxias do Sul},
  year = {1991}
}

      

      %%\bibdef[compl]{Mota, Suetonio. Planejamento urbano e preservacao ambiental. Fortaleza: Ufc, 1981}
@book{mota1981,
  author = {Mota, Suetonio},
  title = {Planejamento urbano e preservacao ambiental},
  publisher = {Ufc},
  address = {Fortaleza},
  year = {1981}
}

     


%%%%%%
%%%%%%
%



      \classremark{MUDA: etapa e pré-requisitos}
      
      %%\bibdef{Marly Monteiro de Carvalho e Roque Rabechini Jr.. - CONSTRUINDO COMPETÊNCIAS PARA GERENCIAR PROJETOS: Teoria e Casos. São Paulo, SP: Editora Atlas, 2008. ISBN 9788522449248}
@book{carvalho2008,
  author = {Carvalho, Marly Monteiro de and Rabechini Jr., Roque},
  title = {CONSTRUINDO COMPETÊNCIAS PARA GERENCIAR PROJETOS: Teoria e Casos},
  publisher = {Editora Atlas},
  address = {São Paulo, SP},
  year = {2008},
  isbn = {9788522449248}
}

      

      %%\bibdef{Project Management Institute. A Guide to the Project Management Body of Knowledge (PMBOK Guide). Pensilvania, EUA: Project Management Institute, 2000. ISBN 1880410230}
@book{pmi2000,
  author = {Project Management Institute},
  title = {A Guide to the Project Management Body of Knowledge (PMBOK Guide)},
  publisher = {Project Management Institute},
  address = {Pensilvania, EUA},
  year = {2000},
  isbn = {1880410230}
}

      

      %%\bibdef[basic]{ Harold Kerzner. Gestão de Projetos: as Melhores Práticas. BOOKMAN, 2006. ISBN 8536306181}
@book{kerzner2006,
  author = {Kerzner, Harold},
  title = {Gestão de Projetos: as Melhores Práticas},
  publisher = {BOOKMAN},
  year = {2006},
  isbn = {8536306181}
}

      

      %%\bibdef[basic]{Marly Monteiro de Carvalho e Roque Rabechini Jr.. GERENCIAMENTO DE PROJETOS NA PRÁTICA: Casos Brasileiros - v. 1. Atlas, 2006. ISBN 9788522445233}
@book{carvalho2006,
  author = {Carvalho, Marly Monteiro de and Rabechini Jr., Roque},
  title = {GERENCIAMENTO DE PROJETOS NA PRÁTICA: Casos Brasileiros - v. 1},
  publisher = {Atlas},
  year = {2006},
  isbn = {9788522445233}
}

      

      %%\bibdef[basic]{Roque Rabechini Jr. e Marly Monteiro de Carvalho. GERENCIAMENTO DE PROJETOS NA PRÁTICA: Casos Brasileiros - v. 2. Atlas, 2009. ISBN 9788522456987}
@book{rabechini2009,
  author = {Rabechini Jr., Roque and Carvalho, Marly Monteiro de},
  title = {GERENCIAMENTO DE PROJETOS NA PRÁTICA: Casos Brasileiros - v. 2},
  publisher = {Atlas},
  year = {2009},
  isbn = {9788522456987}
}

      



%



      \classremark{MUDA: súmula, seriação CH, DISCIPLINA NOVA}



%%%%%%%%%%%%%%%%%%%
%%%%%%%%%%%%%%%%%%%
%%%%%
%%%%%  Etapa Eletivas
%%%%%
%%%%%%%%%%%%%%%%%%%
%%%%%%%%%%%%%%%%%



%%%%%%
%%%%%%
%



      \classremark{MUDA súmula, etapa, discipline nova}

      %%\bibdef{Brockman, J.. Introduction to engineering modeling and problem solving. USA: Wiley, 2009}
@book{brockman2009,
  author = {Brockman, J.},
  title = {Introduction to engineering modeling and problem solving},
  publisher = {Wiley},
  address = {USA},
  year = {2009}
}

      

      %%\bibdef{Clarence W. de Silva. Mechatronics: an integrated Approach. Boca Raton: CRC, 2006. ISBN 0-8493-1274-4}
@book{desilva2006,
  author = {de Silva, Clarence W.},
  title = {Mechatronics: an integrated Approach},
  publisher = {CRC},
  address = {Boca Raton},
  year = {2006},
  isbn = {0-8493-1274-4}
}

      

      %%\bibdef{Robert C. Junival e Kurt M. Marshek. Fundamentos do Projeto de Componentes de Máquinas. Rio de Janeiro: LTC, 2008. ISBN 978-85-216-1578-1}
@book{junival2008,
  author = {Junival, Robert C. and Marshek, Kurt M.},
  title = {Fundamentos do Projeto de Componentes de Máquinas},
  publisher = {LTC},
  address = {Rio de Janeiro},
  year = {2008},
  isbn = {978-85-216-1578-1}
}

      

      %%\bibdef[basic]{Joseph E. Shigley, Charles R. Mischke e Richard G. Budynas. Projeto de Engenharia Mecânica. Porto Alegre: Bookman, 2005. ISBN 85-363-0562-2}
@book{shigley2005,
  author = {Shigley, Joseph E. and Mischke, Charles R. and Budynas, Richard G.},
  title = {Projeto de Engenharia Mecânica},
  publisher = {Bookman},
  address = {Porto Alegre},
  year = {2005},
  isbn = {85-363-0562-2}
}

      

      %%\bibdef[basic]{Robert H. Bishop. The Mechatronics Handbook. Boca Raton: CRC, 2002. ISBN 0-8493-0066-5}
@book{bishop2002,
  author = {Bishop, Robert H.},
  title = {The Mechatronics Handbook},
  publisher = {CRC},
  address = {Boca Raton},
  year = {2002},
  isbn = {0-8493-0066-5}
}

      

      %%\bibdef[compl]{Clarence W. de Silva. Mechatronic Systems: devices, design, control, operation and monitoring. Boca Raton: CRC, 2008. ISBN 978-0-8496-0775-1}
@book{desilva2008,
  author = {de Silva, Clarence W.},
  title = {Mechatronic Systems: devices, design, control, operation and monitoring},
  publisher = {CRC},
  address = {Boca Raton},
  year = {2008},
  isbn = {978-0-8496-0775-1}
}

      

      %%\bibdef[compl]{Godfrey C. Onwubolu. Mechatronics: principles and applications. Oxford: Elsevier, 2005. ISBN 0-7506-6379-0}
@book{onwubolu2005,
  author = {Onwubolu, Godfrey C.},
  title = {Mechatronics: principles and applications},
  publisher = {Elsevier},
  address = {Oxford},
  year = {2005},
  isbn = {0-7506-6379-0}
}

      

      %%\bibdef[compl]{Robert H. Bishop. Mechatronic System Control, Logic, and Data Acquisition. Boca Raton: CRC, 2008. ISBN 978-0-8493-9260-3}
@book{bishop2008,
  author = {Bishop, Robert H.},
  title = {Mechatronic System Control, Logic, and Data Acquisition},
  publisher = {CRC},
  address = {Boca Raton},
  year = {2008},
  isbn = {978-0-8493-9260-3}
}

      

      %%\bibdef[compl]{Robert L. Norton. Projeto de Máquinas: uma abordagem integrada. Porto Alegre: Bookman, 2004. ISBN 85-363-0273-9}
@book{norton2004,
  author = {Norton, Robert L.},
  title = {Projeto de Máquinas: uma abordagem integrada},
  publisher = {Bookman},
  address = {Porto Alegre},
  year = {2004},
  isbn = {85-363-0273-9}
}

     


%%%%%%
%%%%%%
%



      \classremark{MUDA súmula, etapa, discipline nova}

      %%\bibdef{Juvinall, Robert C.; Marshek, Kurt M.. Fundamentos do Projeto de Componentes de Máquinas. Rio de Janeiro: LTC, 2008. ISBN 9780849312748}
@book{juvinall2008,
  author = {Juvinall, Robert C. and Marshek, Kurt M.},
  title = {Fundamentos do Projeto de Componentes de Máquinas},
  publisher = {LTC},
  address = {Rio de Janeiro},
  year = {2008},
  isbn = {9780849312748}
}

      

      %%\bibdef{Silva, Clarence W. de. Mechatronics: an integrated Approach. Boca Raton: CRC, 2006. ISBN 9780849312748}
@book{silva2006,
  author = {Silva, Clarence W. de},
  title = {Mechatronics: an integrated Approach},
  publisher = {CRC},
  address = {Boca Raton},
  year = {2006},
  isbn = {9780849312748}
}

      

      %%\bibdef[basic]{Bishop, Robert H.. The Mechatronics Handbook. Boca Raton: CRC, 2002. ISBN 9780849392573}
@book{bishop2002dup,
  author = {Bishop, Robert H.},
  title = {The Mechatronics Handbook},
  publisher = {CRC},
  address = {Boca Raton},
  year = {2002},
  isbn = {9780849392573}
}

      

      %%\bibdef[basic]{Shigley, Joseph E.; Mischke, Charles R.; Budynas, Richard G.. Projeto de Engenharia Mecânica. Porto Alegre: Bookman, 2005. ISBN 9780849392573}
@book{shigley2005dup,
  author = {Shigley, Joseph E. and Mischke, Charles R. and Budynas, Richard G.},
  title = {Projeto de Engenharia Mecânica},
  publisher = {Bookman},
  address = {Porto Alegre},
  year = {2005},
  isbn = {9780849392573}
}

      

      %%\bibdef[compl]{Bishop, Robert H.. Mechatronic System Control, Logic, and Data Acquisition. Boca Raton: CRC, 2008. ISBN 978-0-8493-9260-3}
@book{bishop2008dup,
  author = {Bishop, Robert H.},
  title = {Mechatronic System Control, Logic, and Data Acquisition},
  publisher = {CRC},
  address = {Boca Raton},
  year = {2008},
  isbn = {978-0-8493-9260-3}
}

      

      %%\bibdef[compl]{Norton, Robert L.. Projeto de Máquinas: uma abordagem integrada. Porto Alegre: Bookman, 2004. ISBN 9788582600221}
@book{norton2004dup,
  author = {Norton, Robert L.},
  title = {Projeto de Máquinas: uma abordagem integrada},
  publisher = {Bookman},
  address = {Porto Alegre},
  year = {2004},
  isbn = {9788582600221}
}

      

      %%\bibdef[compl]{Onwubolu, Godfrey C.. Mechatronics: principles and applications. Oxford: Elsevier, 2005. ISBN 9780750663793}
@book{onwubolu2005dup,
  author = {Onwubolu, Godfrey C.},
  title = {Mechatronics: principles and applications},
  publisher = {Elsevier},
  address = {Oxford},
  year = {2005},
  isbn = {9780750663793}
}

      

      %%\bibdef[compl]{Silva, Clarence W. de. Mechatronic Systems: devices, design, control, operation and monitoring. Boca Raton: CRC, 2008. ISBN 9780849607751}
@book{silva2008,
  author = {Silva, Clarence W. de},
  title = {Mechatronic Systems: devices, design, control, operation and monitoring},
  publisher = {CRC},
  address = {Boca Raton},
  year = {2008},
  isbn = {9780849607751}
}

      



%%%%%%
%%%%%%
%



      \classremark{MUDA súmula, etapa, discipline nova}

      %%\bibdef{Cetinkunt S.. Mechatronics with Experiments. New Delhi, India: Wiley, 2015. ISBN 9781118802465}
@book{cetinkunt2015,
  author = {Cetinkunt, S.},
  title = {Mechatronics with Experiments},
  publisher = {Wiley},
  address = {New Delhi, India},
  year = {2015},
  isbn = {9781118802465}
}

      

      %%\bibdef{Horowitz P., Hill W.. The Art of Electronics. New York, USA: Cambridge, 2015. ISBN 9780521809269}
@book{horowitz2015,
  author = {Horowitz, P. and Hill, W.},
  title = {The Art of Electronics},
  publisher = {Cambridge},
  address = {New York, USA},
  year = {2015},
  isbn = {9780521809269}
}

      

      %%\bibdef{Russell K., Shen Q., Sodhi R.S.. Kinematics and Dynamics of Mechanical Systems: Implementation in MATLAB® and SimMechanics®. Boca Raton, FL, USA: CRC Press, 2015. ISBN 9781498724937}
@book{russell2015,
  author = {Russell, K. and Shen, Q. and Sodhi, R.S.},
  title = {Kinematics and Dynamics of Mechanical Systems: Implementation in MATLAB® and SimMechanics®},
  publisher = {CRC Press},
  address = {Boca Raton, FL, USA},
  year = {2015},
  isbn = {9781498724937}
}

      

      %%\bibdef[basic]{Clarence W. de Silva. Mechatronics: an integrated Approach. Boca Raton: CRC, 2006. ISBN 0849312744}
@book{desilva2006dup,
  author = {de Silva, Clarence W.},
  title = {Mechatronics: an integrated Approach},
  publisher = {CRC},
  address = {Boca Raton},
  year = {2006},
  isbn = {0849312744}
}

      

      %%\bibdef[basic]{Robert C. Junival e Kurt M. Marshek. Fundamentos do Projeto de Componentes de Máquinas. Rio de Janeiro: LTC, 2008}
@book{junival2008dup,
  author = {Junival, Robert C. and Marshek, Kurt M.},
  title = {Fundamentos do Projeto de Componentes de Máquinas},
  publisher = {LTC},
  address = {Rio de Janeiro},
  year = {2008}
}

      

      %%\bibdef[basic]{Robert H. Bishop. The Mechatronics Handbook. Boca Raton: CRC, 2002. ISBN 0-8493-0066-5}
@book{bishop2002dup2,
  author = {Bishop, Robert H.},
  title = {The Mechatronics Handbook},
  publisher = {CRC},
  address = {Boca Raton},
  year = {2002},
  isbn = {0-8493-0066-5}
}

      

      %%\bibdef[compl]{Clarence W. de Silva. Mechatronic Systems: devices, design, control, operation and monitoring. Boca Raton: CRC, 2008. ISBN 978-0-8496-0775-1}
@book{desilva2008dup,
  author = {de Silva, Clarence W.},
  title = {Mechatronic Systems: devices, design, control, operation and monitoring},
  publisher = {CRC},
  address = {Boca Raton},
  year = {2008},
  isbn = {978-0-8496-0775-1}
}

      

      %%\bibdef[compl]{Godfrey C. Onwubolu. Mechatronics: principles and applications. Oxford: Elsevier, 2005. ISBN 0-7506-6379-0}
@book{onwubolu2005dup,
  author = {Onwubolu, Godfrey C.},
  title = {Mechatronics: principles and applications},
  publisher = {Elsevier},
  address = {Oxford},
  year = {2005},
  isbn = {0-7506-6379-0}
}

      

      %%\bibdef[compl]{Robert H. Bishop. Mechatronic System Control, Logic, and Data Acquisition. Boca Raton: CRC, 2008. ISBN 978-0-8493-9260-3}
@book{bishop2008dup2,
  author = {Bishop, Robert H.},
  title = {Mechatronic System Control, Logic, and Data Acquisition},
  publisher = {CRC},
  address = {Boca Raton},
  year = {2008},
  isbn = {978-0-8493-9260-3}
}

     


%%%%%%
%%%%%%
%



      %%\bibdef{Faceli, Katti; Lorena, Ana C.; Gama, João; Carvalho, Andre C.P. Inteligêcia Artificial: Uma Abordagem de Aprendizado de Máquina. Rio de Janeiro: LTC, 2011}
@book{faceli2011,
  author = {Faceli, Katti and Lorena, Ana C. and Gama, João and Carvalho, Andre C.P.},
  title = {Inteligêcia Artificial: Uma Abordagem de Aprendizado de Máquina},
  publisher = {LTC},
  address = {Rio de Janeiro},
  year = {2011}
}

      

      %%\bibdef{Russell, Stuart Jonathan; Norvig, Peter. Artificial intelligence: a modern approach. EUA: Prentice-Hall, 2010. ISBN 0136042597}
@book{russell2010,
  author = {Russell, Stuart Jonathan and Norvig, Peter},
  title = {Artificial intelligence: a modern approach},
  publisher = {Prentice-Hall},
  address = {EUA},
  year = {2010},
  isbn = {0136042597}
}

      

      %%\bibdef{Sutton, Richard; Barto, Andrew. Reinforcement Learning: An Introduction. Cambridge: MIT Press, 1999. ISBN 0262193981}
@book{sutton1999,
  author = {Sutton, Richard and Barto, Andrew},
  title = {Reinforcement Learning: An Introduction},
  publisher = {MIT Press},
  address = {Cambridge},
  year = {1999},
  isbn = {0262193981}
}

      

      %%\bibdef[basic]{Haykin, Simon; Engel, Paulo Martins. Redes neurais :princípios e prática. Porto Alegre: Bookman, 2001. ISBN 8573077182}
@book{haykin2001nn,
  author = {Haykin, Simon and Engel, Paulo Martins},
  title = {Redes neurais :princípios e prática},
  publisher = {Bookman},
  address = {Porto Alegre},
  year = {2001},
  isbn = {8573077182}
}

      

      %%\bibdef[compl]{Aurélien Géron. Hands-On Machine Learning with Scikit-Learn, Keras, and Tensorflow. USA: O'Reilly Media, 2022. ISBN 9781098122485}
@book{geron2022,
  author = {Géron, Aurélien},
  title = {Hands-On Machine Learning with Scikit-Learn, Keras, and Tensorflow},
  publisher = {O'Reilly Media},
  address = {USA},
  year = {2022},
  isbn = {9781098122485}
}

      

      %%\bibdef[compl]{Haykin, Simon. Neural networks and learning machines. New York: Prentice Hall, c2009. ISBN 9780131471399}
@book{haykin2009,
  author = {Haykin, Simon},
  title = {Neural networks and learning machines},
  publisher = {Prentice Hall},
  address = {New York},
  year = {2009},
  note = {c2009},
  isbn = {9780131471399}
}

     


%%%%%%
%%%%%%
%



      %%\bibdef{Eiben, Agoston E.; Smith, James E.. Introduction to evolutionary computing. Berlin: Springer, c 2003. ISBN 97835401841}
@book{eiben2003,
  author = {Eiben, Agoston E. and Smith, James E.},
  title = {Introduction to evolutionary computing},
  publisher = {Springer},
  address = {Berlin},
  year = {2003},
  note = {c 2003},
  isbn = {97835401841}
}

      

      %%\bibdef{Michalewicz, Zbigniew. Genetic algorithms data structures = evolution programs. Berlin: Springer-Verlag, 1999. ISBN 3540606769}
@book{michalewicz1999,
  author = {Michalewicz, Zbigniew},
  title = {Genetic algorithms data structures = evolution programs},
  publisher = {Springer-Verlag},
  address = {Berlin},
  year = {1999},
  isbn = {3540606769}
}

      

      %%\bibdef{Peitgen, Heinz-Otto; Jurgens, Hartmut; Saupe, Dietmar. Chaos and fractals: new frontiers of science. New York: Springer-Verlag, c1992. ISBN 0387979034}
@book{peitgen1992,
  author = {Peitgen, Heinz-Otto and Jurgens, Hartmut and Saupe, Dietmar},
  title = {Chaos and fractals: new frontiers of science},
  publisher = {Springer-Verlag},
  address = {New York},
  year = {1992},
  note = {c1992},
  isbn = {0387979034}
}

      

      %%\bibdef[basic]{Barone,Dante. Sociedades Artificiais - A nova fronteira da Inteligência nas Máquinas. Porto Alegre: Bookman, 2003. ISBN 8536301244}
@book{barone2003,
  author = {Barone, Dante},
  title = {Sociedades Artificiais - A nova fronteira da Inteligência nas Máquinas},
  publisher = {Bookman},
  address = {Porto Alegre},
  year = {2003},
  isbn = {8536301244}
}

      

      %%\bibdef[basic]{Fogel, David B.. Evolutionary computation :toward a new philosophy of machine intelligence. New York: IEEE, c2000. ISBN 078035379X}
@book{fogel2000,
  author = {Fogel, David B.},
  title = {Evolutionary computation :toward a new philosophy of machine intelligence},
  publisher = {IEEE},
  address = {New York},
  year = {2000},
  note = {c2000},
  isbn = {078035379X}
}

      

      %%\bibdef[basic]{Jones, M. Tim. Artificial Intelligence :a systems approach. Usa: Jones and Bartlett Publishers, 2008. ISBN 9780763773373}
@book{jones2008,
  author = {Jones, M. Tim},
  title = {Artificial Intelligence :a systems approach},
  publisher = {Jones and Bartlett Publishers},
  address = {Usa},
  year = {2008},
  isbn = {9780763773373}
}

      

      %%\bibdef[basic]{Mitchell,Melanie. An Introduction to genetic algorithms. Cambridge: Mit Press, c1996. ISBN 3540606769}
@book{mitchell1996,
  author = {Mitchell, Melanie},
  title = {An Introduction to genetic algorithms},
  publisher = {Mit Press},
  address = {Cambridge},
  year = {1996},
  note = {c1996},
  isbn = {3540606769}
}

      


%%%%%%
%%%%%%
%



      %%\bibdef{Casarotto Filho, Nelson; Kopittke, Bruno Hartmut. Análise de investimentos :matemática financeira, engenharia econômica, tomada de decisão, estratégia empresarial. São Paulo: Atlas, 2007. ISBN 9788522448012}
@book{casarotto2007,
  author = {Casarotto Filho, Nelson and Kopittke, Bruno Hartmut},
  title = {Análise de investimentos :matemática financeira, engenharia econômica, tomada de decisão, estratégia empresarial},
  publisher = {Atlas},
  address = {São Paulo},
  year = {2007},
  isbn = {9788522448012}
}

      

      %%\bibdef[basic]{Blank, Leland T.; Tarquin, Anthony. Engenharia econômica. [S.l.]: McGrawHill, 2008. ISBN 8577260267; 9788577260263}
@book{blank2008,
  author = {Blank, Leland T. and Tarquin, Anthony},
  title = {Engenharia econômica},
  publisher = {McGrawHill},
  address = {[S.l.]},
  year = {2008},
  isbn = {8577260267; 9788577260263}
}

      

      %%\bibdef[basic]{Dal Zot, Wili Alberto Brancks. Matemática financeira. [Porto Alegre]: Ed. da UFRGS, [2008]. ISBN 9788570259943; 9788570259950 (CD)}
@book{dalzot2008,
  author = {Dal Zot, Wili Alberto Brancks},
  title = {Matemática financeira},
  publisher = {Ed. da UFRGS},
  address = {[Porto Alegre]},
  year = {2008},
  isbn = {9788570259943; 9788570259950 (CD)}
}

      

      %%\bibdef[basic]{Gitman, Lawrence J.; Sanvicente, Antonio Zoratto. Princípios de administração financeira. São Paulo: Pearson/Addison Wesley, 2004. ISBN 8588639122; 9788588639126}
@book{gitman2004,
  author = {Gitman, Lawrence J. and Sanvicente, Antonio Zoratto},
  title = {Princípios de administração financeira},
  publisher = {Pearson/Addison Wesley},
  address = {São Paulo},
  year = {2004},
  isbn = {8588639122; 9788588639126}
}

      

      %%\bibdef[basic]{Hirschfeld, Henrique. Engenharia econômica e análise de custos. São Paulo: Atlas, 1998. ISBN 8522417970}
@book{hirschfeld1998,
  author = {Hirschfeld, Henrique},
  title = {Engenharia econômica e análise de custos},
  publisher = {Atlas},
  address = {São Paulo},
  year = {1998},
  isbn = {8522417970}
}

      

      %%\bibdef[basic]{Ross, Stephen A.; Westerfield, Randolph W.; Jaffe, Jeffrey F.; Sanvicente, Antonio Zoratto. Administração financeira. São Paulo: Atlas, 2002. ISBN 8522429421; 9788522429424}
@book{ross2002,
  author = {Ross, Stephen A. and Westerfield, Randolph W. and Jaffe, Jeffrey F. and Sanvicente, Antonio Zoratto},
  title = {Administração financeira},
  publisher = {Atlas},
  address = {São Paulo},
  year = {2002},
  isbn = {8522429421; 9788522429424}
}

     


%%%%%%
%%%%%%
%



      \classremark{MUDA pré-requisitos}

      %%\bibdef{Mário Campos e Herbert Teixeira. Controles Típicos de Equipamentos e Processos Indsutriais. São Paulo, SP: Editora Edgar Blücher, 2006. ISBN 85-212-0398-5}
@book{campos2006,
  author = {Campos, Mário and Teixeira, Herbert},
  title = {Controles Típicos de Equipamentos e Processos Indsutriais},
  publisher = {Editora Edgar Blücher},
  address = {São Paulo, SP},
  year = {2006},
  isbn = {85-212-0398-5}
}

      

      %%\bibdef[basic]{Bela G. Lipták. Instrument Engineers' Handbook : Process Control. USA: Chilton Book Co, 1995. ISBN 0-8019-8242-1}
@book{liptak1995control,
  author = {Lipták, Bela G.},
  title = {Instrument Engineers' Handbook : Process Control},
  publisher = {Chilton Book Co},
  address = {USA},
  year = {1995},
  isbn = {0-8019-8242-1}
}

      

      %%\bibdef[basic]{Bela G. Lipták (Ed.). Instrument Engineers' Handbook : Process Measurement and Analysis. USA: Chilton, 1995. ISBN 0-8019-8197-2}
@book{liptak1995meas,
  editor = {Lipták, Bela G.},
  title = {Instrument Engineers' Handbook : Process Measurement and Analysis},
  publisher = {Chilton},
  address = {USA},
  year = {1995},
  isbn = {0-8019-8197-2}
}

     


%%%%%%
%%%%%%
%



      %%\bibdef{B.A. Ogunnaike, W. H. Ray. Process Dynamics, Modeling, and Control. New York, Oxford: Oxford University Press, 1994. ISBN 0195091191}
@book{ogunnaike1994,
  author = {Ogunnaike, B.A. and Ray, W. H.},
  title = {Process Dynamics, Modeling, and Control},
  publisher = {Oxford University Press},
  address = {New York, Oxford},
  year = {1994},
  isbn = {0195091191}
}

      

      %%\bibdef{Campos, Mario Cesar M. Massa de; Teixeira, Herbert C.G.. Controles típicos de equipamentos e processos industriais. São Paulo: Edgard Blücher, 2006. ISBN 8521203985}
@book{campos2006dup,
  author = {Campos, Mario Cesar M. Massa de and Teixeira, Herbert C.G.},
  title = {Controles típicos de equipamentos e processos industriais},
  publisher = {Edgard Blücher},
  address = {São Paulo},
  year = {2006},
  isbn = {8521203985}
}

      

      %%\bibdef{D.E. Seborg, T.F. Edgar, D.A. Mellichamp. Process Dynamics and Control. John Wiley, 2004. ISBN ISBN: 978-0-471-00077-8}
@book{seborg2004,
  author = {Seborg, D.E. and Edgar, T.F. and Mellichamp, D.A.},
  title = {Process Dynamics and Control},
  publisher = {John Wiley},
  year = {2004},
  isbn = {978-0-471-00077-8}
}

      

      %%\bibdef[basic]{Luyben, William L.. Process modeling, simulation, and control for chemical engineers. Boston, Mass.: Mcgraw-Hill, c1990. ISBN 0070391599}
@book{luyben1990,
  author = {Luyben, William L.},
  title = {Process modeling, simulation, and control for chemical engineers},
  publisher = {Mcgraw-Hill},
  address = {Boston, Mass.},
  year = {1990},
  note = {c1990},
  isbn = {0070391599}
}

      

      %%\bibdef[basic]{W.S. Levine (Ed.). The Control Handbook. CRC Press, 1996}
@book{levine1996,
  editor = {Levine, W.S.},
  title = {The Control Handbook},
  publisher = {CRC Press},
  year = {1996}
}

      

      %%\bibdef[compl]{Foust, Alan S.; Wenzel, Leonard A.; Clump, Curtis W.; Maus, Louis; Andersen, L. Bryce. Princípios das operações unitárias. Rio de Janeiro: Guanabara Dois, c1980, 1982. ISBN 8521610386, 9788521610380}
@book{foust1980,
  author = {Foust, Alan S. and Wenzel, Leonard A. and Clump, Curtis W. and Maus, Louis and Andersen, L. Bryce},
  title = {Princípios das operações unitárias},
  publisher = {Guanabara Dois},
  address = {Rio de Janeiro},
  year = {1980, 1982},
  note = {c1980, 1982},
  isbn = {8521610386, 9788521610380}
}

      

      %%\bibdef[compl]{Macintyre, Archibald Joseph. Bombas e instalações de bombeamento. Rio de Janeiro: LTC, c1997. ISBN 8521610866; 9788521610861}
@book{macintyre1997,
  author = {Macintyre, Archibald Joseph},
  title = {Bombas e instalações de bombeamento},
  publisher = {LTC},
  address = {Rio de Janeiro},
  year = {1997},
  note = {c1997},
  isbn = {8521610866; 9788521610861}
}

      

      %%\bibdef[compl]{Mccabe, Warren L.; Smith, Julian C.; Harriott, Peter. Unit operations of chemical engineering. New York, N.Y.: McGraw-Hill, c2005. ISBN 0072848235}
@book{mccabe2005,
  author = {Mccabe, Warren L. and Smith, Julian C. and Harriott, Peter},
  title = {Unit operations of chemical engineering},
  publisher = {McGraw-Hill},
  address = {New York, N.Y.},
  year = {2005},
  note = {c2005},
  isbn = {0072848235}
}

      

      %%\bibdef[compl]{Perry, Robert H.; Green, Don W.. Perry's chemical engineers handbook. New York: McGraw-Hill, 2007. ISBN 0071422943}
@book{perry2007,
  author = {Perry, Robert H. and Green, Don W.},
  title = {Perry's chemical engineers handbook},
  publisher = {McGraw-Hill},
  address = {New York},
  year = {2007},
  isbn = {0071422943}
}

      

      %%\bibdef[compl]{Welty, James R.; Wicks, Charles E.. Fundamentals of momentum, heat and mass transfer. New York: John Wiley, 2007. ISBN 0470128682}
@book{welty2007,
  author = {Welty, James R. and Wicks, Charles E.},
  title = {Fundamentals of momentum, heat and mass transfer},
  publisher = {John Wiley},
  address = {New York},
  year = {2007},
  isbn = {0470128682}
}

     


%%%%%%
%%%%%%
%




%%%%%%
%%%%%%
%




%%%%%%
%%%%%%
%




%%%%%%
%%%%%%
%



      %%\bibdef{Aaron Martinez and Enrique Fernández. Learning ROS for Robotics Programming. Birmingham, UK: Packt Publishing, 2013. ISBN 978-1-78216-144-8}
@book{martinez2013dup,
  author = {Martinez, Aaron and Fernández, Enrique},
  title = {Learning ROS for Robotics Programming},
  publisher = {Packt Publishing},
  address = {Birmingham, UK},
  year = {2013},
  isbn = {978-1-78216-144-8}
}

      

      %%\bibdef{King Sun Fu and R. C. Gonzales and C. S. George Lee. Robotics Control, Sensing, Vision and Intelligence. McGraw-Hill, 1987. ISBN 0-07-022625-3}
@book{fu1987dup,
  author = {Fu, King Sun and Gonzales, R. C. and Lee, C. S. George},
  title = {Robotics Control, Sensing, Vision and Intelligence},
  publisher = {McGraw-Hill},
  year = {1987},
  isbn = {0-07-022625-3}
}

      

      %%\bibdef[basic]{Anis Koubaa. Robot Operating System (ROS): The Complete Reference. Switzerland: Springer International Publishing, ISBN 978-3-319-26052-5}
@book{koubaa,
  author = {Koubaa, Anis},
  title = {Robot Operating System (ROS): The Complete Reference},
  publisher = {Springer International Publishing},
  address = {Switzerland},
  isbn = {978-3-319-26052-5}
}

      

      %%\bibdef[basic]{Jason M. O'Kane. A Gentle Introduction to ROS. CreateSpace Independent Publishing Platform, 2013. ISBN 978-1492143239}
@book{okane2013dup,
  author = {O'Kane, Jason M.},
  title = {A Gentle Introduction to ROS},
  publisher = {CreateSpace Independent Publishing Platform},
  year = {2013},
  isbn = {978-1492143239}
}

      

      %%\bibdef[basic]{Patrick Goebel. ROS by Example. Raleigh, NC: Lulu, 2013}
@book{goebel2013,
  author = {Goebel, Patrick},
  title = {ROS by Example},
  publisher = {Lulu},
  address = {Raleigh, NC},
  year = {2013}
}

     


%%%%%%
%%%%%%
%



      %%\bibdef{John J. Craig. Robótica. São Paulo: Pearson, 2012. ISBN 978-85-8143-128-4}
@book{craig2012,
  author = {Craig, John J.},
  title = {Robótica},
  publisher = {Pearson},
  address = {São Paulo},
  year = {2012},
  isbn = {978-85-8143-128-4}
}

      

      %%\bibdef{NOF, S. Y. Handbook of Industrial Robotics. John Wyley, ISBN 0-471-17783-0}
@book{nof,
  author = {Nof, S. Y.},
  title = {Handbook of Industrial Robotics},
  publisher = {John Wyley},
  isbn = {0-471-17783-0}
}

      

      %%\bibdef[basic]{Sciavicco, L; Siciliano, B. Modelling and Control of Robot Manipulators. Springer, ISBN 1852332212}
@book{sciavicco,
  author = {Sciavicco, L and Siciliano, B},
  title = {Modelling and Control of Robot Manipulators},
  publisher = {Springer},
  isbn = {1852332212}
}

      

      %%\bibdef[compl]{Fu, K.S.; Gonzalez, R. C.; Lee, C.S.G.. Robotics Control, Sensing, Vision an Intelligence. McGraw-Hill, ISBN 0-07-022625-3}
@book{fu,
  author = {Fu, K.S. and Gonzalez, R. C. and Lee, C.S.G.},
  title = {Robotics Control, Sensing, Vision an Intelligence},
  publisher = {McGraw-Hill},
  isbn = {0-07-022625-3}
}

      

      %%\bibdef[compl]{Groover, M. P, Weiss, M., Nagel, R. N.; Odrey, N. G.. Industrial Robotics Technology, Programming and Applications. McGraw- Hill Inc, ISBN 0-07-024989}
@book{groover,
  author = {Groover, M. P and Weiss, M. and Nagel, R. N. and Odrey, N. G.},
  title = {Industrial Robotics Technology, Programming and Applications},
  publisher = {McGraw- Hill Inc},
  isbn = {0-07-024989}
}

      




%%%%%%
%%%%%%
%



      %%\bibdef{LATOMBE, J.-C. Robot Motion Planning. Boston, MA: Kluwer Academic Publishers, 1991. n.124. (Kluwer International Series in Engineering and Computer Science).}
@book{latombe1991,
  author = {Latombe, J.-C.},
  title = {Robot Motion Planning},
  publisher = {Kluwer Academic Publishers},
  address = {Boston, MA},
  year = {1991},
  series = {Kluwer International Series in Engineering and Computer Science},
  number = {124}
}

      

      %%\bibdef{NEWMAN, W. A Systematic Approach to Learning Robot Programming with ROS. Boca Raton, FL: CRC Press, 2018.}
@book{newman2018,
  author = {Newman, W.},
  title = {A Systematic Approach to Learning Robot Programming with ROS},
  publisher = {CRC Press},
  address = {Boca Raton, FL},
  year = {2018}
}

      

      %%\bibdef{THRUN, S.; BURGARD, W.; FOX, D. Probabilistic Robotics. Cambridge, MA: MIT Press, 2005. (Intelligent Robotics and Autonomous Agents Series).}
@book{thrun2005,
  author = {Thrun, S. and Burgard, W. and Fox, D.},
  title = {Probabilistic Robotics},
  publisher = {MIT Press},
  address = {Cambridge, MA},
  year = {2005},
  series = {Intelligent Robotics and Autonomous Agents Series}
}

      

      %%\bibdef[basic]{FU, K. S.; GONZALES, R. C.; LEE, C. S. G. Robotics Control, Sensing, Vision and Intelligence. New York: McGraw-Hill, 1987. (Industrial Engineering Series).}
@book{fu1987dup2,
  author = {Fu, K. S. and Gonzales, R. C. and Lee, C. S. G.},
  title = {Robotics Control, Sensing, Vision and Intelligence},
  publisher = {McGraw-Hill},
  address = {New York},
  year = {1987},
  series = {Industrial Engineering Series}
}

      

      %%\bibdef[basic]{MURRAY, R. M.; LI, Z.; SASTRY, S. S. Mathematical Introduction to Robotic Manipulation.Boca Raton, FL: CRC Press, 1994.}
@book{murray1994,
  author = {Murray, R. M. and Li, Z. and Sastry, S. S.},
  title = {Mathematical Introduction to Robotic Manipulation},
  publisher = {CRC Press},
  address = {Boca Raton, FL},
  year = {1994}
}

      

      %%\bibdef[compl]{BROWN, R. G. Introduction to Random Signal Analysis and Kalman Filtering. New York: John Wiley \& Sons, 1983.}
@book{brown1983,
  author = {Brown, R. G.},
  title = {Introduction to Random Signal Analysis and Kalman Filtering},
  publisher = {John Wiley \& Sons},
  address = {New York},
  year = {1983}
}

      

      %%\bibdef[compl]{EVERETT, H. R. Sensors for Mobile Robots: theory and application. Natick, MA: A. K. Peters, 1995.}
@book{everett1995,
  author = {Everett, H. R.},
  title = {Sensors for Mobile Robots: theory and application},
  publisher = {A. K. Peters},
  address = {Natick, MA},
  year = {1995}
}

     


%%%%%%
%%%%%%
%



      %%\bibdef{A. Burns and A. Wellings. Real-Time Systems and Programming Languages. Reading, MA: Addison-Wesley, 2001. ISBN 0201729881.}
@book{burns2001,
  author = {Burns, A. and Wellings, A.},
  title = {Real-Time Systems and Programming Languages},
  publisher = {Addison-Wesley},
  address = {Reading, MA},
  year = {2001},
  isbn = {0201729881}
}

      

      %%\bibdef[basic]{Andrew S. Tanenbaum. Modern Operating Systems. Englewood-Clifs, NJ: Prentice-Hall, 2001. ISBN 0130313580.}
@book{tanenbaum2001,
  author = {Tanenbaum, Andrew S.},
  title = {Modern Operating Systems},
  publisher = {Prentice-Hall},
  address = {Englewood-Clifs, NJ},
  year = {2001},
  isbn = {0130313580}
}

      

      %%\bibdef[basic]{W. Richard Stevens , Stephen A. Rago. Advanced Programming in the UNIX Environment. Reading, MA: Addison-Wesley, 2005. ISBN 0201433079.}
@book{stevens2005,
  author = {Stevens, W. Richard and Rago, Stephen A.},
  title = {Advanced Programming in the UNIX Environment},
  publisher = {Addison-Wesley},
  address = {Reading, MA},
  year = {2005},
  isbn = {0201433079}
}

      

      %%\bibdef[compl]{Bjarne Stroustrup. The C Programming Language. Reading, MA: Addison-Wesley, 1997. ISBN 0-201-32755-4.}
@book{stroustrup1997,
  author = {Stroustrup, Bjarne},
  title = {The C Programming Language},
  publisher = {Addison-Wesley},
  address = {Reading, MA},
  year = {1997},
  isbn = {0-201-32755-4}
}

      

      %%\bibdef[compl]{Bjarne Stroustrup. The Design and Evolution of C. Reading, MA: Addision-Wesley, 1993. ISBN 0201543303.}
@book{stroustrup1993,
  author = {Stroustrup, Bjarne},
  title = {The Design and Evolution of C},
  publisher = {Addision-Wesley},
  address = {Reading, MA},
  year = {1993},
  isbn = {0201543303}
}

      

      %%\bibdef[compl]{M. Ben-ari. Principles of Concurrent Programming. Reading, MA: Addison-Wesley, 2006. ISBN 0-321-31283-X.}
@book{benari2006,
  author = {Ben-ari, M.},
  title = {Principles of Concurrent Programming},
  publisher = {Addison-Wesley},
  address = {Reading, MA},
  year = {2006},
  isbn = {0-321-31283-X}
}

     


%%%%%%
%%%%%%
%



      %%\bibdef[basic]{Chen, C.T. - Linear System Theory and Design. 3ª edição, Oxford University Press, 1999}
@book{chen1999,
  author = {Chen, C.T.},
  title = {Linear System Theory and Design},
  edition = {3},
  publisher = {Oxford University Press},
  year = {1999}
}

      

      %%\bibdef[basic]{Lipschutz, S. - Álgebra Linear. 2ª Edição, McGraw-Hill, 1978}
@book{lipschutz1978,
  author = {Lipschutz, S.},
  title = {Álgebra Linear},
  edition = {2},
  publisher = {McGraw-Hill},
  year = {1978}
}

      

      %%\bibdef[basic]{Strang, G. ? Linear Álgebra and its Applications, 3a edição, Harcourt Brace Jovanovich College Publishers, 1988}
@book{strang1988,
  author = {Strang, G.},
  title = {Linear Álgebra and its Applications},
  edition = {3},
  publisher = {Harcourt Brace Jovanovich College Publishers},
  year = {1988}
}

      

      %%\bibdef[compl]{Zadeh, L.A; Desoer, C.A. - Linear Systems Theory. Springer-Verlag, 1979}
@book{zadeh1979,
  author = {Zadeh, L.A and Desoer, C.A.},
  title = {Linear Systems Theory},
  publisher = {Springer-Verlag},
  year = {1979}
}

      

      %%\bibdef[compl]{Kailath, T. ? Linear Systems. Prentice Hall, Rnglewood Cliffs, N.J., 1980}
@book{kailath1980,
  author = {Kailath, T.},
  title = {Linear Systems},
  publisher = {Prentice Hall},
  address = {Rnglewood Cliffs, N.J.},
  year = {1980}
}

      

      %%\bibdef[compl]{Haykin, S.; Van Veen, B. - Sinais e Sistemas. Bookman, Porto Alegre, 2001}
@book{haykin2001dup,
  author = {Haykin, S. and Van Veen, B.},
  title = {Sinais e Sistemas},
  publisher = {Bookman},
  address = {Porto Alegre},
  year = {2001}
}

      

      %%\bibdef[compl]{Boldrini, J.L.; Costa, S.I.R.; Figueiredo, V.L.; Wetzler, H.G. - Álbebra Linear. 3ª Edição, Harbra, 1984}
@book{boldrini1984,
  author = {Boldrini, J.L. and Costa, S.I.R. and Figueiredo, V.L. and Wetzler, H.G.},
  title = {Álbebra Linear},
  edition = {3},
  publisher = {Harbra},
  year = {1984}
}

      

      %%\bibdef[compl]{Steinbruch, A.; Winterle, P. - Álgebra Linear. McGraw-Hill, 1987}
@book{steinbruch1987,
  author = {Steinbruch, A. and Winterle, P.},
  title = {Álgebra Linear},
  publisher = {McGraw-Hill},
  year = {1987}
}

     


%%%%%%
%%%%%%
%



      %%\bibdef[basic]{H. K. Khalilk. Nonlinear Systems. 2ª Edição, Prentice-Hall, 1996}
@book{khalilk1996,
  author = {Khalilk, H. K.},
  title = {Nonlinear Systems},
  edition = {2},
  publisher = {Prentice-Hall},
  year = {1996}
}

      

      %%\bibdef[basic]{S. Sastry. Nonlinear Systems. Springer, 1999}
@book{sastry1999,
  author = {Sastry, S.},
  title = {Nonlinear Systems},
  publisher = {Springer},
  year = {1999}
}

      

      %%\bibdef[compl]{R. Sepulchre ans M. Jankovic and P. Kokotovic. Constructive Nonlinear Control. Springer, 1997}
@book{sepulchre1997,
  author = {Sepulchre, R. and Jankovic, M. and Kokotovic, P.},
  title = {Constructive Nonlinear Control},
  publisher = {Springer},
  year = {1997}
}

      

      %%\bibdef[compl]{R. Seydel. Practical bifurcation and stability analysis. Springer, 1994}
@book{seydel1994,
  author = {Seydel, R.},
  title = {Practical bifurcation and stability analysis},
  publisher = {Springer},
  year = {1994}
}

      

      %%\bibdef[compl]{J. J. Slotine and W. Li. Applied Nonlinear Control. Prentice-Hall, 1991}
@book{slotine1991,
  author = {Slotine, J. J. and Li, W.},
  title = {Applied Nonlinear Control},
  publisher = {Prentice-Hall},
  year = {1991}
}

      

      %%\bibdef[compl]{E. J. Davison and E. M. Kurak. A computacional method for determining quadratic Lyapunov functions for nonlinear systems. Automatica, 7:627-636, 1971}
@article{davison1971,
  author = {Davison, E. J. and Kurak, E. M.},
  title = {A computacional method for determining quadratic Lyapunov functions for nonlinear systems},
  journal = {Automatica},
  year = {1971},
  volume = {7},
  pages = {627--636}
}

      

      %%\bibdef[compl]{R. Genesio and M. Tartaglia and A. Vicino. On the estimation of asymptotic stability regions: state of the art and nem proposals. IEEE Transactions on Automatic Control, 30:747-755, 1985}
@article{genesio1985,
  author = {Genesio, R. and Tartaglia, M. and Vicino, A.},
  title = {On the estimation of asymptotic stability regions: state of the art and nem proposals},
  journal = {IEEE Transactions on Automatic Control},
  year = {1985},
  volume = {30},
  pages = {747--755}
}

      

      %%\bibdef[compl]{H.-D. Chiang and IF.F Wu and P.P Varaya. Foundations of direct methods for power system transiente stability analysis. IEEE Transactions on Circuits and Systems, 34, 1987}
@article{chiang1987,
  author = {Chiang, H.-D. and Wu, IF.F and Varaya, P.P},
  title = {Foundations of direct methods for power system transiente stability analysis},
  journal = {IEEE Transactions on Circuits and Systems},
  year = {1987},
  volume = {34}
}

      

      %%\bibdef[compl]{A. S. Bazanella and C. L. Conceicao. Transient stability improvement through excitation control. International Journal of Robust and Nonlinear Control, 14:891-910, 2004}
@article{bazanella2004,
  author = {Bazanella, A. S. and Conceicao, C. L.},
  title = {Transient stability improvement through excitation control},
  journal = {International Journal of Robust and Nonlinear Control},
  year = {2004},
  volume = {14},
  pages = {891--910}
}

      

      %%\bibdef[compl]{D. F. Coutinho and A. S. Bazanella amnd A. Trofino and A. Silveira e Silva. Stability analisys and controlo f a class of a differential-algebraiic nonlinear systems. International Journal of Robust and Nonlinear Control, 14:1301-1326, 2004}
@article{coutinho2004,
  author = {Coutinho, D. F. and Bazanella, A. S. and Trofino, A. and Silva, A. Silveira e},
  title = {Stability analisys and controlo f a class of a differential-algebraiic nonlinear systems},
  journal = {International Journal of Robust and Nonlinear Control},
  year = {2004},
  volume = {14},
  pages = {1301--1326}
}

      

      %%\bibdef[compl]{A. S. Bazanella, A. S. e Silva, and P. V. Kokotovic. Lyapunov design of excitation control for synchronous machines. Decision and Control, 1997. Proceedings of the 36th IEEE Conference on, 1:211-216 vol. 1, 10-12 Dec 1997}
@inproceedings{bazanella1997,
  author = {Bazanella, A. S. and Silva, A. S. e and Kokotovic, P. V.},
  title = {Lyapunov design of excitation control for synchronous machines},
  booktitle = {Decision and Control, 1997. Proceedings of the 36th IEEE Conference on},
  year = {1997},
  volume = {1},
  pages = {211--216 vol. 1},
  month = {10-12 Dec}
}

      

      %%\bibdef[compl]{A. S. Bazanella, P. Kokotovic, and A.S. e Silva. A dynamics extension for LgV controllers. IEEE Transaction on Automatic Control, 44:588-592, 1999}
@article{bazanella1999,
  author = {Bazanella, A. S. and Kokotovic, P. and Silva, A.S. e},
  title = {A dynamics extension for LgV controllers},
  journal = {IEEE Transaction on Automatic Control},
  year = {1999},
  volume = {44},
  pages = {588--592}
}

      

      %%\bibdef[compl]{A. S. Bazanella and R. Reginatto. Robustness margins for indirect field oriented controlo f induction motors. IEEE Transactions on Automatic Control, 45:1226-1231, 2000}
@article{bazanella2000,
  author = {Bazanella, A. S. and Reginatto, R.},
  title = {Robustness margins for indirect field oriented controlo f induction motors},
  journal = {IEEE Transactions on Automatic Control},
  year = {2000},
  volume = {45},
  pages = {1226--1231}
}

      

      %%\bibdef[compl]{Jr. Gomes da Silva, J. M., S. Tarbouriech, and R. Reginatto. Analysis of regions of
stability for linear systems with saturating inputs through na anti-windup scheme. Control Applications, 2002. Proceedings of the 2002 International Conference on, 2:1106-1111 vol. 2, 2002}
@inproceedings{gomes2002,
  author = {Gomes da Silva, J. M. Jr. and Tarbouriech, S. and Reginatto, R.},
  title = {Analysis of regions of stability for linear systems with saturating inputs through na anti-windup scheme},
  booktitle = {Control Applications, 2002. Proceedings of the 2002 International Conference on},
  year = {2002},
  volume = {2},
  pages = {1106--1111 vol. 2}
}

      

      %%\bibdef[compl]{J. M. Gomes da Silva Jr. And M. Z. Oliveira and D. F. Coutinho and S. Tarbouriech. Static anti-windup design for a classe of nonlinear systems. International Journal of Robust and Nonlinear Control, 24:793:810, 2014}
@article{gomes2014,
  author = {Gomes da Silva, J. M. Jr. and Oliveira, M. Z. and Coutinho, D. F. and Tarbouriech, S.},
  title = {Static anti-windup design for a classe of nonlinear systems},
  journal = {International Journal of Robust and Nonlinear Control},
  year = {2014},
  volume = {24},
  pages = {793:810}
}

      

      %%\bibdef[compl]{M. G . LArios, R. Ortega, and A. S. Bazanella. An energy-shaping approach to the design of excitation controlo f synchronous generators. Automatica, 39:111-119, 2003}
@article{larios2003,
  author = {LArios, M. G. and Ortega, R. and Bazanella, A. S.},
  title = {An energy-shaping approach to the design of excitation controlo f synchronous generators},
  journal = {Automatica},
  year = {2003},
  volume = {39},
  pages = {111--119}
}

      

      %%\bibdef[compl]{R. Reginatto and A. S. Bazanella. Robust tuning of the speed loop in indirect field oriented control of induction motors. Automatic, 37:1811-1818, 2001}
@article{reginatto2001,
  author = {Reginatto, R. and Bazanella, A. S.},
  title = {Robust tuning of the speed loop in indirect field oriented control of induction motors},
  journal = {Automatic},
  year = {2001},
  volume = {37},
  pages = {1811--1818}
}

     


%%%%%%
%%%%%%
%



      %%\bibdef[basic]{C.T. Chen. Linear Systems Theory and Design. Holt, Rinehart and Wiston, 1984}
@book{chen1984,
  author = {Chen, C.T.},
  title = {Linear Systems Theory and Design},
  publisher = {Holt, Rinehart and Wiston},
  year = {1984}
}

      

      %%\bibdef[basic]{T. Kailath. Linear Systems. Prentice-Hall-Inc., 1980}
@book{kailath1980dup,
  author = {Kailath, T.},
  title = {Linear Systems},
  publisher = {Prentice-Hall-Inc.},
  year = {1980}
}

      

      %%\bibdef[basic]{J.M. Maciejowski. Multivariable Feedback Design. Adison-Wesley, 1990}
@book{maciejowski1990,
  author = {Maciejowski, J.M.},
  title = {Multivariable Feedback Design},
  publisher = {Adison-Wesley},
  year = {1990}
}

      

      %%\bibdef[basic]{H. Kwakernak, R. Sivan. Linear Optimal Control. Wiley, N.Y., 1972}
@book{kwakernak1972,
  author = {Kwakernak, H. and Sivan, R.},
  title = {Linear Optimal Control},
  publisher = {Wiley},
  address = {N.Y.},
  year = {1972}
}

      

      %%\bibdef[basic]{W.M. Wonham. Linear Multivariable Control, a geometric Approach. Springer-Verlag, 1979}
@book{wonham1979,
  author = {Wonham, W.M.},
  title = {Linear Multivariable Control, a geometric Approach},
  publisher = {Springer-Verlag},
  year = {1979}
}

      

      %%\bibdef[basic]{P. Dorato, C. Abdallah, V. Cerone. Linear-Quadratic Control - An Introduction. Prentice-Hall, 1995}
@book{dorato1995,
  author = {Dorato, P. and Abdallah, C. and Cerone, V.},
  title = {Linear-Quadratic Control - An Introduction},
  publisher = {Prentice-Hall},
  year = {1995}
}

      

      %%\bibdef[basic]{K. Zhou, J. Doyle, K. Glover. Robust and Optimal Control. Prentice-Hall-Inc}
@book{zhou,
  author = {Zhou, K. and Doyle, J. and Glover, K.},
  title = {Robust and Optimal Control},
  publisher = {Prentice-Hall-Inc}
}

     



