

%%%%%%
%%%%%%
%



     \bibdef{Damas, Luis. Linguagem C. Rio de Janeiro: LTC, c2007. ISBN 9788521615194}
     \bibdef{Nina Edelweiss e Maria Aparecida Castro Livi.. Algoritmos e Programação: com exemplos em Pascal e C. Série de Livros Didáticos Informática UFRGS. Porto Alegre: Bookman, 2014. ISBN 9788582601891}
     \bibdef{Salvetti, Dirceu Douglas; Barbosa, Lisbete Madsen. Algoritmos. Sao Paulo: Makron Books, c1998. ISBN 853460715X}
     \bibdef[basic]{Deitel, Harvey M.. C How to Program. Estados Unidos: Prentice-Hall, 2007. ISBN 9780132404167}
     \bibdef[basic]{Goodrich, Michael T.; Tamassia, Roberto. Projeto de algoritmos :fundamentos, análise e exemplos da internet. Porto Alegre: Bookman, 2004. ISBN 8536303034}
     \bibdef[basic]{Harbison, Samuel P., III. Steele, Guy L., Jr.. C: manual de referência. Rio de Janeiro: Ciência Moderna, 2002. ISBN 8573932295}
     \bibdef[basic]{Kernighan, Brian W.; Ritchie, Dennis M.. The C programming language. Englewood Cliffs: Prentice Hall, c1988. ISBN 0131103628}
     \bibdef[basic]{Orth, Afonso Inacio. Algoritmos e programação :com resumo das linguagens pascal e C. Porto Alegre: AIO, c2001}
     \bibdef[basic]{Senne, Edson Luiz França. Curso de programação em C. São Paulo: Visual Books, 2009. ISBN 9788575022450}
     \bibdef[basic]{Ziviani, N.. Projeto de Algoritmos Com Implementações em Pascal e C. THOMSON PIONEIRA, 2004. ISBN 8522103909}


%%%%%%
%%%%%%
%



      \bibdef{Howard Anton; Irl C. Bivens; Stephen L. Davis. Cálculo - Volume 1. Porto Alegre: Bookman, 2014. ISBN 9788582602256}
      \bibdef[basic]{Rogawski, Jon;. Cálculo - Vol. 1. Porto Alegre: Bookman, 2009. ISBN 9788577802708}
      \bibdef[compl]{Avila, Geraldo Severo de Souza. Cálculo. Rio de Janeiro: LTC, 2003 - 2006. ISBN 8521613709 (v. 1); 8521613997 (v. 2); 8521615019 (v. 3)}
      \bibdef[compl]{Hughes-Hallet, Deborah. Cálculo. Rio de Janeiro: LTC, c1997. ISBN 8521611021}
      \bibdef[compl]{Larson, Roland E.; Hostetler, Robert P.; Edwards, Bruce H.. Cálculo com geometria analítica. Rio de Janeiro: Livros Técnicos e Científicos, c1998. ISBN 8521611080}
      \bibdef[compl]{Shenk, al. Calculo com geometria analitica. Rio de Janeiro: Campus, 1984. ISBN 8570011229; 8570011237; 8570011245; 8570012535}
      \bibdef[compl]{Simmons, George F.. Cálculo com geometria analítica. São Paulo: Mcgraw-Hill, c1987. ISBN 0074504118}
      \bibdef[compl]{Stewart, James. Cálculo. São Paulo: Thomson Learning, 2006, c2005. ISBN 8522104794; 9788522104796}
      \bibdef[compl]{Strang, Gilbert. Calculus. Cambridge: Wellesley-Cambridge Press, 1991. ISBN 0961408820}


%%%%%%
%%%%%%
%



      \bibdef{Halliday, David; Resnick, Robert; Walker, Jearl. Fundamentos de Fí­sica. Rio de Janeiro: GEN-LTC, 2016. ISBN 978-8521630371 (v1); 978-8521630364 (v2)}
      \bibdef{Tipler, Paul A.; Mosca, Gene. Física :para cientistas e engenheiros. Rio de Janeiro: LTC, 2009. ISBN 9788521617105 (v.1); 9788521617112 (v.2)}
      \bibdef{Young, Hugh D; Freedman, Roger A. Fí­sica, Sears. São Paulo: Pearson Education do Brasil, 2016. ISBN 978-8543005683 (v1); 978-8543005737 (v2)}
      \bibdef[basic]{Alaor Chaves e J. F. Sampaio. Física Básica - Mecânica. Rio de Janeiro: Livros Técnicos e Científicos, 2007. ISBN 978-85-216-1549-1}
      \bibdef[basic]{Nussenzveig, Hersh Moyses. Curso de física básica. Sao Paulo: Ed. Edgar Blucher, c2002. ISBN 8521202989 (v.1); 8521202997 (v.2)}
      \bibdef[basic]{Resnick, Robert; Halliday, David; Krane, Kenneth S.. Física. Rio de Janeiro: LTC Editora, c2003. ISBN 8521613520 (V.1); 9788521613527 (V.1); 8521613687 (V.2); 9788521613688 (V.2); 9788521614067}
      \bibdef[basic]{Serway, Raymond A.; Jewett, Jr., John W.. Princípios de física :. São Paulo: Pioneira Thomson Learning, [2004]. ISBN 8522103828 (v.1); 9788522103829 (v.1); 8522104131 (v.2); 9788522104130 (v.2);}
      \bibdef[compl]{Wagner Corradi, Rodrigo Tárcia e colaboradores. Fundamentos de Física I. Belo Horizonte: UFMG, 2010}


%%%%%%
%%%%%%
%



      \bibdef{Borges, Gladys Cabral de Mello; Barreto, Deli Garcia Olle; Martins, Enio Zago. Noções de geometria descritiva :teoria e exercícios. Porto Alegre: Sagra-Dc Luzzatto, 1998. ISBN 8572370072}

%%%%%%
%%%%%%
%



      \classremark{Muda a Súmula}

      \bibdef{  BAZZO, Walter Antônio, PEREIRA, Luiz Teixeira do Vale. INTRODUÇÃO À ENGENHARIA: CONCEITOS, FERRAMENTAS E COMPORTAMENTOS. Florianópolis: Editora da UFSC, 2008. ISBN 9788532803566}
      \bibdef{	SEVERINO, Antônio Joaquim. Metodologia do trabalho científico. Editora Cortez Morães, ISBN 978-85-249-1311-2}
      \bibdef[basic]{CRESWELL, John W - (ISBN: 978-85-363-0892-0). Projeto de pesquisa: método qualitativo, quantitativo e misto. Editora ARTMED, ISBN 978-85-363-0892-0)}
      \bibdef[compl]{Moraes, Cícero Couto de; Castrucci, Plínio de Lauro. Engenharia de Automação industrial.. Rio de Janeiro: Livros Técnicos e Científicos - LTC, 2001}


%%%%%%
%%%%%%
%



      \bibdef{Brown, L.S.; Holme, T.A.. Química geral aplicada à engenharia. São Paulo: Cengage Leaning, 2009. ISBN 9788522106882}
      \bibdef{Brown, T.L.; Lemay, H. E.; Bursten, B. E.; Murphy, C. J.; Woodward, P. M.; Stoltzfus, M. W.. Química : a ciência central. São Paulo: Pearson Prentice Hall, 2016. ISBN 9788543005652}
      \bibdef{Kotz, J.C.; Treichel, Junior P.; Townsend J.R.; Treichel, D.A.. Química geral e reações químicas. São paulo: Cengage Learning, 2010. ISBN 9788522106912 (v. 1) / 9788522107544 (v. 2)}

      \bibdef[basic]{Atkins, P.; Jones L.. Princípios de Química; questionando a vida moderna e o meio ambiente. Porto Alegre: Bookman, 2012. ISBN 9781429219556}
      \bibdef[basic]{Chang R.. Chemistry. New York: Mc Graw Hill, 2010. ISBN 9780077274313}
      \bibdef[basic]{Chang R.; Goldsby K.A.. Química. Porto Alegre: McGraw-Hill, 2013. ISBN 8580552559}
      \bibdef[basic]{Russell, J. B.. Química geral. São Paulo: Pearson Makron Books, 1994. ISBN 8534601925 (v.1) / 8534601518 (v.2)}
      \bibdef[basic]{Tro, N. J.. Química - Uma abordagem molecular. São Paulo: LTC-Livros Técnicos e Científicos Editora Ltda., 2017. ISBN 9788521633372 (v. 1) / 9788521633396 (v. 2)}
      \bibdef[compl]{Brady, J. E.; Russell, J. W.; Holum, J. R.. Química a matéria e suas transformações. Rio de Janeiro: LTC Livros Técnicos e Científicos Editora S.A., 2009. ISBN 9788521617204 (V.1)/9788521617211 (V.2)}
      \bibdef[compl]{Brady, J.E.; Humiston, G.E.. Química geral. Rio Janeiro: Livros Técnicos e Científicos, 1990. ISBN 9788521604488 (v.1)/9788521604495 (v.2)}
      \bibdef[compl]{Ebbing, D.D.. Química Geral. Rio de Janeiro: LTC Livros Técnicos e Científicos, 1988. ISBN 8521611153 (V.1)/ 8521611277 (V.2)}
      \bibdef[compl]{Mahan, B.M.; Myers, R.J.. Química: um curso universitário. São Paulo: Edgard Blücher, 1995. ISBN 9788521200369}
      \bibdef[compl]{Masterton, W.L.; Slowinski, E.J.; Stanitski, C.L.. Princípios de química. Rio de Janeiro: Guanabara Koogan, 1990. ISBN 8527701561}




%%%%%%%%%%%%%%%%%%%
%%%%%%%%%%%%%%%%%%%
%%%%%
%%%%% Etapa 02
%%%%%
%%%%%%%%%%%%%%%%%%%
%%%%%%%%%%%%%%%%%%%





%%%%%%
%%%%%%
%



    	\bibdef{David C. Lay. Álgebra Linear e suas aplicações. Rio de Janeiro: LTC, 2018. ISBN 9788521634959}

        \bibdef[basic]{Anton, Howard; Rorres, Chris; Doering, Claus Ivo. Álgebra linear :com aplicações. Porto Alegre: Bookman, 2001-2002. ISBN 8573078472; 0471170526 (broch.); 9798573078472}
    	\bibdef[basic]{Gilbert Strang. Introdução à Álgebra Linear. Rio de Janeiro: LTC, 2013. ISBN 9788521623571}
    	\bibdef[basic]{W. Keith Nicholson. Álgebra Linear. São Paulo: Mcgraw-Hill do Brasil, 2006. ISBN 9788586804922}

    	\bibdef[compl]{Boldrini, Jose Luiz; Costa, Sueli I. Rodrigues; Figueiredo, Vera Lucia; Wetzler, Henry G.. Álgebra linear. São Paulo: Harbra, c1986. ISBN 8529402022; 9788529402024}
    	\bibdef[compl]{Lima, Elon Lages. Álgebra linear. Rio de Janeiro: Impa/CNPq, 2006, c2004. ISBN 978-85-244-0089-6}
    	\bibdef[compl]{Lipschutz, Seymour. Algebra linear :teoria e problemas. Sao Paulo: Makron Books do Brasil, c1994. ISBN 8534601976; 9788534601979}


%%%%%%
%%%%%%
%



    	\bibdef{Anton, Howard; Bivens, Irl; Davis, Stephen. Cálculo 10ª Edição. Porto Alegre: Bookman, 2014. ISBN 9788582602454 (v.2)}

    	\bibdef[basic]{Avila, Geraldo Severo de Souza. Cálculo. Rio de Janeiro: LTC, 2003 - 2006. ISBN 8521613997 (v. 2); 8521615019 (v. 3)}
    	\bibdef[basic]{Rogawski, Jon; Adams, Colin. Cálculo, 3ª edição. Porto Alegre, RS: Bookman, 2018. ISBN 9788582604571 (v.2)}
    	\bibdef[basic]{Simmons, George F.. Cálculo com geometria analítica. São Paulo: Mcgraw-Hill, c1987. ISBN 0074504118}
    	\bibdef[basic]{Stewart, James. Cálculo, 4ª edição. São Paulo: Cengage Learning, 2017. ISBN 9788522125845}

    	\bibdef[compl]{Anton, Howard; Bivens, Irl; Davis, Stephen. Cálculo 8ª Edição. Porto Alegre: Bookman, 2007. ISBN 9788560031801 (v.2)}
    	\bibdef[compl]{Rogawski, Jon. Cálculo. Porto Alegre, RS: Bookman, 2009. ISBN 9788577802715 (v.2)}

%%%%%%
%%%%%%
%



      \bibdef{Associação Brasileira de Normas Técnicas - ABNT. Coletânea de normas de desenho técnico. São Paulo, 1990}
      \bibdef{GIESECKE, Frederick; MITCHELL, Alva; SPENCER, Henry C.; HILL, Ivan Leroy; DYGDON, John Thomas e NOVAK, James E.. Tecnical Drawing. Upper Saddle River, N.J.: Pearson Prentice Hall, 2009. ISBN 9780135135273}

      \bibdef[basic]{Associação Brasileira de Normas Técnicas - ABNT. NBR 10.126 Cotagem em desenho Técnico. Rio de Janeiro, 1987}
      \bibdef[basic]{Associação Brasileira de Normas Técnicas - ABNT. NBR 10647 - Desenho Técnico. Rio de Janeiro, 1989}
      \bibdef[basic]{Associação Brasileira de Normas Técnicas - ABNT. NBR 12.298 - Representação de área de corte por meio de hachuras em desenho técnico. Rio de Janeiro, 1995}
      \bibdef[basic]{Associação Brasileira de Normas Técnicas - ABNT. NBR 16.861 - Desenho Técnico - Requisitos para representação de linhas e escrita. Rio de Janeiro, 2020}
      \bibdef[basic]{Associação Brasileira de Normas Técnicas - ABNT. NBR 6.492 - Representação de Projetos de Arquitetura. Rio de Janeiro, 1994}
      \bibdef[basic]{Cunha, Luis Veiga da. Desenho técnico. Lisboa: Fundação Calouste Gulbenkian, 2004. ISBN 9723110660}
      \bibdef[basic]{French, Thomas E. Desenho técnico. Rio de Janeiro: Globo, 1969}

      \bibdef[compl]{Associação Brasileira de Normas Técnicas - ABNT. NBR 13.273 - Desenho Técnico - Referência a itens. Rio de Janeiro, 1999}
      \bibdef[compl]{BACHMANN, Albert; FORBERG, Richard. Desenho técnico.. Porto Alegre: Globo, 1969}
      \bibdef[compl]{GIESECKE, Frederick E; SPENCER, Alva H. C.; DYGDON, John T.; NOVAK, James; LOCKHART, Shawna. Comunicação Gráfica Moderna. Porto Alegre: Grupo A, 2002. ISBN 9798573078441}

%%%%%%
%%%%%%
%



      \bibdef{Chabay, Ruth W. Física básica : matéria e interações, v. 2. RJ: LTC, 2018. ISBN 9788521635031}
      \bibdef{Halliday, David; Resnick, Robert; Walker, Jearl. Fundamentos de Física. Rio de Janeiro: Livros Técnicos e Científicos, 2009. ISBN 97885216166078 (V.3)}
      \bibdef{Serway, Raymond A.; Jewett, Jr., John W.. Princípios de física :. São Paulo: Pioneira Thomson Learning, c2004-2005. ISBN 8522103828 (v.1); 9788522103829 (v.1); 8522104131 (v.2); 9788522104130 (v.2); 852210414X (v.3); 9788522104147 (v.3); 8522104379 (v.4); 9788522104376 (v.4)}

      \bibdef[compl]{Tipler, Paul A.. Física : para cientistas e engenheiros. Rio de Janeiro: Livros Técnicos e Científicos, 2000. ISBN 852161215X}


%%%%%%
%%%%%%
%



      \bibdef[basic]{			Ferdinand P. Beer, E. Russell Johnston, David F. Mazurek. Mecânica vetorial para engenheiros: Estática. Rio de Janeiro: AMGH, 2019. ISBN 9788580550467}
      \bibdef[basic]{Hibbeler, Russell Charles. Estática - Mecânica para Engenharia. São Paulo: Pearson, 2011. ISBN 978-85-7605-815-1}
      \bibdef[basic]{M. W. Plesha; G. L. Gray; F. Costanzo. Mecânica para Engenharia - Estática. Porto Alegre: Bookman, 2014. ISBN 978-85-65837-01-9}
      \bibdef[basic]{Shames, Irving H.. Mecânica para engenharia. São Paulo: Prentice Hall, c2002-2003. ISBN 8587918133 (V.1); 8587918214 (V.2)}

%%%%%%
%%%%%%
%



      \bibdef[basic]{  Santos, Rafael. Introdução à programação orientada a objetos usando Java. Rio de Janeiro: Campus, 2003. ISBN 853521206X}

      \bibdef[compl]{Arnold, Ken; Gosling, James A.; Holmes, David. A linguagem de programação Java. Porto Alegre: Bookman, 2007. ISBN 9788560031641}


%%%%%%%%%%%%%%%%%
%%%%%%%%%%%%%%%%%
%%%
%%%  Etapa 03
%%%
%%%%%%%%%%%%%%%%%
%%%%%%%%%%%%%%%%%



%%%%%%
%%%%%%
%



      \bibdef{  ALEXANDER, C. K., SADIKU, N.O.M.. Fundamentos de Circuitos Elétricos. Bookman, ISBN 8536302496}
      \bibdef{NILSSON J. W., RIEDEL S. A.. Circuitos Elétricos Editora. LTC, ISBN 8521613636}

      \bibdef[basic]{IRWIN D. J.. Análise Básica de Circuitos para Engenharia. LTC, ISBN 8534606935}
      \bibdef[basic]{SCOTT, R.E.. Elements of Linear Circuits. Addison-Wesley, ISBN 0201068435}

      \bibdef[compl]{DESOER, Charles A. e KUH, Ernest S.. Teoria Básica de Circuitos. Guanabara Dois, ISBN 0070165750}
      \bibdef[compl]{DORF, R.C., SVODOBA, J. A.. Introdução aos Circuitos Elétricos. LTC, ISBN 9788521615828}
      \bibdef[compl]{FOERSTER G., TREGNAGO R.. Circuitos Elétricos. Editora da Universidade, ISBN 8570251378}

%%%%%%
%%%%%%
%



      \bibdef{  C. H. Edwards Jr., D.E. Penney.. Equações Elementares com Problemas de Contorno. Rio de Janeiro: LTC, ISBN 9788570540577}
      \bibdef{William E. Boyce, Richard C. DiPrima. Equações Diferenciais Elementares e Problemas de Valores de Contorno. LTC, 2015. ISBN 9788521627357}
      \bibdef{Zill, Dennis G.. Equações diferenciais com aplicações em modelagem. São Paulo: Thomson, 2003. ISBN 8522103143; 9788522103140}

      \bibdef[basic]{Eduardo Brietzke. Notas de aula de Equações Diferenciais II. Porto Alegre}

      \bibdef[compl]{Asmar, Nakhle. Partial differential equations and boundary value problems. New Jersey: Prentice-Hall, c2005. ISBN 0131480960}
      \bibdef[compl]{Boyce, William E.; DiPrima, Richard C.. Equações diferenciais elementares e problemas de valores de contorno. Rio de Janeiro: LTC, c2006. ISBN 8521614993}
      \bibdef[compl]{Churchill, Ruel Vance; Carvalho, Carlos Alberto Aragao de. Series de Fourier e problemas de valores de contorno. Rio de Janeiro: Guanabara Dois, 1978}
      \bibdef[compl]{Figueiredo, Djairo Guedes de. Análise de Fourier e equações diferenciais parciais. Rio de Janeiro: IMPA, 2003. ISBN 9788524401206}
      \bibdef[compl]{Kreyszig, Erwin. Advanced engineering mathematics. Hoboken, NJ: John Wiley, c2006. ISBN 0471488852}
      \bibdef[compl]{Simmons, George F.. Differential equations with applications and historical notes. New York: McGraw-Hill, c1972}
      \bibdef[compl]{Solow, Daniel; Borrelli, Robert L.; Coleman, Courtney S.. Differential equationsa modeling perspective and how to read and do proof. New York: Wiley, 1998. ISBN 0471314129}
      \bibdef[compl]{Spiegel, Murray Ralph. Analise de fourier. Sao Paulo: Mcgraw-Hill do Brasil, 1976}
      \bibdef[compl]{Tenenbaum, Morris; Pollard, Harry. Ordinary differential equations:an elementary texbook for students of mathematics, engineering, and the sciences.. New York: Harper e Row, 1963}
      \bibdef[compl]{Zill, Dennis G.; Cullen, Michael R.. Equações diferenciais. Makron Books: São Paulo, c2001}
      \bibdef[compl]{Zill, Dennis G.; Cullen, Michael R.. Equações diferenciais. Makron Books: São Paulo, c2001}


%%%%%%
%%%%%%
%



      \bibdef{ C. H. Edwards Jr., D.E. Penney.. Equações Elementares com Problemas de Contorno. Rio de Janeiro: LTC, ISBN 9788570540577}
      \bibdef{William E. Boyce, Richard C. DiPrima. Equações Diferenciais Elementares e Problemas de Valores de Contorno. LTC, 2015. ISBN 9788521627357}
      \bibdef{Zill, Dennis G.. Equações diferenciais com aplicações em modelagem. São Paulo: Thomson, 2003. ISBN 8522103143; 9788522103140}

      \bibdef[basic]{Alonso, Marcelo; Finn, Edward J.. Fisica. Harlow: Addison-Wesley, c1999. ISBN 8478290273}
      \bibdef[basic]{Alonso, Marcelo; Finn, Edward J.; Moscati, Giorgio. Fisica um Curso Universitario :campos e Ondas. Sao Paulo: Edgard Blucher, c1967}
      \bibdef[basic]{Halliday, David; Resnick, Robert; Walker, Jearl. Fundamentos de física. Rio de Janeiro: Livros Técnicos e Científicos, 2006-2007. ISBN 8521614845 (V.1); 9788521614845 (v.1); 8521614853 (V.2); 9788521614869 (V.3); 9788521614876 (V.4)}
      \bibdef[basic]{Mckelvey, John P.; Grotch, Howard; Nunes, Frederico Dias. Fisica. Sao Paulo: Ed. Harper, c1979}
      \bibdef[basic]{Nussenzveig, Hersh Moyses. Curso de física básica. Sao Paulo: Ed. Edgar Blucher, c2002. ISBN 8521202989 (v.1); 8521202997 (v.2); 8521201346 (v.3); 852120163X (v.4)}
      \bibdef[basic]{Sears, Francis Weston. Fisica. Rio de Janeiro: Livros Tecnicos e Cientificos, 1983-1985}
      \bibdef[basic]{Tipler, Paul A.; Mosca, Gene. Física :para cientistas e engenheiros. Rio de Janeiro: LTC, 2009. ISBN 9788521617105 (v.1); 9788521617112 (v.2); 9788521617129 (v.3)}

%%%%%%
%%%%%%
%



      \bibdef{  William D. Callister Jr., David G. Rethwisch. Ciência e engenharia de materiais : uma introdução. Rio de Janeiro: LTC, 2020. ISBN 9788521637288}
      \bibdef[basic]{Donald R. Askeland, Wendelin J. Wright. Ciência e Engenharia dos Materiais. São Paulo: Editora Cengage Learning, 2019. ISBN 9788522128112}
      \bibdef[compl]{James F. Shackelford. Ciência dos materiais. São Paulo: Pearson Prentice Hall, 2008. ISBN 9788576051602}

%%%%%%
%%%%%%
%



      \bibdef{Beer, Ferdinand Pierre; Johnston Jr., E. Russell; Cornwell, Phillip J.; Self, Brian P.; Sanghi, Sanjeev. Mecanica Vetorial para Engenheiros. Dinâmica. Rio de Janeiro: AMGH, 2019. ISBN 9788580556179 (Impresso), 9788580556186 (E-book)}
      \bibdef{Hibbeler, Russell Charles. Dinâmica. Mecânica para Engenharia. São Paulo: Pearson, 2017. ISBN 9788543016252}
      \bibdef{Meriam, James L.; Kraige, L. Glenn. Mecânica para Engenharia. Dinâmica. Rio de Janeiro: LTC, 2016. ISBN 9788521630142}

      \bibdef[basic]{Gray, Gary L.; Constanzo, Francesco; Plesha, Michael E.. Mecânica para Engenharia. Dinâmica. Porto Alegre: Grupo A, 2014. ISBN 9788565837002 (Impresso), 9788565837293 (E-book)}
      \bibdef[basic]{Nelson, E.W. Nelson; Best, Charles L.; McLean, W.G.; Potter, Merle C.. Engenharia Mecânica: Dinâmica Coleção Schaum. São Paulo: Grupo A, 2013. ISBN 9788582600412 (E-book)}
      \bibdef[basic]{Rade, Domingos. Cinemática e Dinâmica para Engenharia. Rio de Janeiro: GEN LTC, 2017. ISBN 9788535281866}
      \bibdef[basic]{Tenenbaum, Roberto A.. Dinâmica Aplicada. São Paulo: Manole, 2016. ISBN 9788520446775}
      \bibdef[basic]{Tongue, Benson H. ; Sheppard, Sheri D.. Dinâmica: Análise e Projeto de Sistemas em Movimento. Rio de Janeiro: LTC, 2007. ISBN 9788521615422}


%%%%%%
%%%%%%
%



      \bibdef{Barbetta, Pedro Alberto; Reis, Marcelo Menezes; Bornia, Antonio Cezar. Estatística :para cursos de engenharia e informática. São Paulo, SP: Atlas, 2008. ISBN 9788522449897}
      \bibdef{Jay L. Devore. Probabilidade e estatística para engenharia e ciências. Cengage Learning, ISBN ISBN-10: 8522111839 ISBN-13: 9788522111831}
      \bibdef{Montgomery, Douglas C.; Runger, George C.. Estatística aplicada e probabilidade para engenheiros. Rio de Janeiro: LTC, 2009. ISBN 8521616643; 9788521616641}

      \bibdef[basic]{Costa Neto, Pedro Luiz de Oliveira. Estatística. São Paulo: Edgard Blücher, 2002. ISBN 8521203004}
      \bibdef[basic]{Fonseca, Jairo Simon da; Martins, Gilberto de Andrade. Curso de estatística. São Paulo: Atlas, 1996. ISBN 8522414718}
      \bibdef[basic]{Magalhães, Marcos Nascimento. Noções de probabilidade e estatística. São Paulo: Edusp, 2005. ISBN 8531406773}
      \bibdef[basic]{Meyer, Paul L.. Probabilidade: aplicações à estatística. Rio de Janeiro: LTC, 2000. ISBN 8521602944}
      \bibdef[basic]{Morettin, Pedro Alberto; Bussab, Wilton de Oliveira. Estatística básica. São Paulo: Saraiva, 2009. ISBN 8502034979}
      \bibdef[basic]{Spiegel, Murray Ralph. Probabilidade e estatística. São Paulo: Pearson, 2004. ISBN 8534613001}

%%%%%%
%%%%%%
%



      \bibdef{Brown, Stephen D.. Fundamentals of Digital Logic with VHDL Design. McGraw-Hill, 2008. ISBN 978-0077221430}
      \bibdef{Floyd, Thomas L.. Sistemas digitais : fundamentos e aplicações. Bookman, ISBN 9788560031931}
      \bibdef{Wakerly, John F.. Digital Design: principles and practices. --: Pearson, 2005. ISBN 978-0131863897}

      \bibdef[basic]{Mano, M. Morris. Logic and computer design fundamentals. Pearson Prentice Hall, ISBN 9780131989269}
      \bibdef[basic]{Ronald J. Tocci, Neal S. Widmer e Gregory L. Moss. Sistemas Digitais: Princípios e Aplicações. São Paulo: Prentice-Hall, 2011. ISBN 9788576059226}
      \bibdef[basic]{Tokheim, Roger L. Fundamentos de eletrônica digital. HMGH, ISBN 9788580551921 (v. 1) e 9788580551945 (v.2)}
      \bibdef[basic]{Vahid, Frank. Digital Design. Hoboken: John Wiley, ISBN 9780470044377}

      \bibdef[compl]{FLETCHER. An Engineering Approach to Digital Design. Prentice Hall}
      \bibdef[compl]{Karris, Steven T. Digital Circuit Analysis and Design with Simulink Modeling and Introduction to CPLDs and FPGAs. Orchard Publications, ISBN 13: 978-1-934404-05-8; 10: 1-934404-05-5}
      \bibdef[compl]{Sandige, Richard S. Fundamentals of digital and computer design with VHDL. McGraw-Hill, ISBN 9780073380698}
      \bibdef[compl]{Wagner, Flavio Rech. Fundamentos de circuitos digitais. Bookman, ISBN 9788577803453}


%%%%%%%%%%%%%%%%%
%%%%%%%%%%%%%%%%%
%%%
%%%  Etapa 04
%%%
%%%%%%%%%%%%%%%%%
%%%%%%%%%%%%%%%%%



%%%%%%
%%%%%%
%



      \bibdef{Borche, Alejandro. Métodos Numéricos. Porto Alegre: Ed. da UFRGS, 2008. ISBN 9788570259783}
      \bibdef{Burden, Richard L.; Faires, J. Douglas. Análise numérica. São Paulo: Pioneira Thomson Learning, 2003. ISBN 852210297X}

      \bibdef[basic]{Bortoli, Álvaro e outros.. Introdução ao Cálculo Numérico - caderno de apoio didático B59. Instituto de Matemática: IM - UFRGS, 2001}
      \bibdef[basic]{Ruggiero, M; Lopes, V.. Cálculo Numérico - Aspectos Teóricos e Computacionais. Pearson, 1996. ISBN 9788534602044}

      \bibdef[compl]{Barroso, Leônidas. Cálculo numérico :com aplicações. São Paulo: Harbra, c1987. ISBN 8529400895; 9788529400891}
      \bibdef[compl]{Conte, Samuel. Elementos de Análise Numérica. Porto Alegre: Globo, 1965-1971}
      \bibdef[compl]{R.Burden, J. Faires. Numerical Analysis. London: Thompson Learning, 2005. ISBN 0534392008;0534404995}
      \bibdef[compl]{Roque, Waldir Leite. Introdução ao cálculo numérico :um texto integrado ao cálculo numérico DERIVE. São Paulo: Atlas, 2000. ISBN 8522427224}
      \bibdef[compl]{Sperandio, Décio; Mendes, João Teixeira; Silva, Luiz Henry Monken e. Cálculo numérico :características matemáticas e computacionais dos métodos numéricos. São Paulo: Pearson, c2003. ISBN 8587918745}

%%%%%%
%%%%%%
%



      \bibdef{Charles K. Alexander e Matthew N. O. Sadiku. Fundamentos de circuitos elétricos.. McGrawHill, 2003. ISBN 978-85-86804-97-7}
      \bibdef{J. David Irwin. Análise básica de circuitos para engenharia. LTC Editora, 2003. ISBN 85-216-1374-1}
      \bibdef{James W. Nilsson e Susan A. Riedel. Circuitos elétricos. LTC Editora, 2003. ISBN 85-216-1374-1   }

      \bibdef[basic]{J. Bird. Circuitos Elétricos - Teoria e Tecnologia. Editora Campus, 2009. ISBN 978-85-352-2771-0}

      \bibdef[compl]{Charles A. Desoer e Ernest S. Kuh. Teoria básica de circuitos lineares. Guanabara Dois, 1979}
      \bibdef[compl]{R. C. Dorf, J. A. Svoboda. Introdução aos Circuitos Elétricos. LTC, 2003. ISBN 85-216-1367-9}
      \bibdef[compl]{W. H. Hayt Jr., J. E. Kemmerly, S. M. Durbin. Análise de Circuitos em Engenharia. McGraw-Hill, 2008. ISBN 978-85-7726-021-8}

%%%%%%
%%%%%%
%



      \bibdef{Brown, Stephen D.. Fundamentals of Digital Logic with VHDL Design. McGraw-Hill, ISBN 9780073529530}
      \bibdef{Floyd, Thomas L.. Sistemas Digitais: Fundamentos e Aplicações. Bookman, ISBN 9788560031931}
      \bibdef{Wakerly, John F.. Digital Design: Principles and Practices. Prentice Hall, ISBN 978-0131863897}

      \bibdef[basic]{Mano, M. Morris. Logic and Computer Design Fundamentals. Pearson - Prentice Hall, ISBN 9780131989269}
      \bibdef[basic]{Ronald J. Tocci, Neal S. Wildmer e Gregory L. Moss. Sistemas Digitais: Princípios e Aplicações. Prentice-Hall, ISBN 9788576050957 (10ª Edição); 9788576059226 (11ª Edição)}
      \bibdef[basic]{Vahid, Frank. Digital Design. Hoboken, ISBN 9780470044377}

      \bibdef[compl]{Karris, Steven T. Digital Circuit Analysis and Design with Simulink Modeling and Introduction to CPLDs and FPGAs. Orchard Publications, ISBN 978-1-934404-05-8}

%%%%%%
%%%%%%
%



      \bibdef{Anton, Howard; Bivens, Irl; Davis, Stephen; Doering, Claus Ivo. Cálculo. Porto Alegre: Bookman, 2007. ISBN 9788560031634 (V.1); 9788560031801 (V.2)}
      \bibdef{Hwei P. Hsu. Sinais e Sistemas. Porto Alegre: Bookman Cia. Editora, 2011. ISBN 978-85-7780-938-7}

      \bibdef[basic]{Hsu, Hwei P.. Análise de Fourier. Rio de Janeiro: Livros Técnicos e Científicos, 1973}
      \bibdef[basic]{Irene Strauch. Notas de aula: Análise Vetorial, Transformada de Laplace, Análise de Fourier}
      \bibdef[basic]{Kreyszig, Erwin. Matemática superior. Rio de Janeiro: Livros Técnicos e Científicos, 1983-1986. ISBN 8521601816(v.1); 852160355X(v.3); 8521603738(v.4); 8521601808(obra completa)}
      \bibdef[basic]{Spiegel, Murray Ralph. Análise vetorial :com introdução à análise tensorial. São Paulo: McGraw-Hill, c1972}
      \bibdef[basic]{Spiegel, Murray Ralph. Schaum?s outline of theory and problems of complex variables : with an introduction to conformal mapping and its applications. Nova Iorque: McGraw-Hill, ISBN 978-0071615693}
      \bibdef[basic]{Zill, Dennis G.. Equações diferenciais com aplicações em modelagem. São Paulo: Thomson, 2003. ISBN 8522103143; 9788522103140}

      \bibdef[compl]{Asmar, Nakhle. Partial differential equations and boundary value problems. New Jersey: Prentice-Hall, c2005. ISBN 0131480960}
      \bibdef[compl]{O'Neil, Peter V.. Advanced engineering mathematics. New York: Brooks/Cole Pub. Co., 2003. ISBN 9780534401306}
      \bibdef[compl]{Spiegel, Murray Ralph. Transformadas de Laplace :resumo da teoria, 263 problemas resolvidos, 614 problemas propostos. São Paulo: McGraw-Hill do Brasil, c1978}
      \bibdef[compl]{Strang, Gilbert. Calculus. Cambridge: Wellesley-Cambridge Press, 1991. ISBN 0961408820}
      \bibdef[compl]{Stroud, K.A.; Booth, Dexter J.. Advanced engineering mathematics :a new edition of further engineering mathematics. New York: Palgrave Macmillan, c2003. ISBN 1403903123}
      \bibdef[compl]{Zill, Dennis G.; Cullen, Michael R.. Equações diferenciais. Makron Books: São Paulo, c2001}


%%%%%%
%%%%%%
%



      \bibdef{Beer, F. P.; Johnston, E. R., Jr., DeWolf, J. T. e Mazurek, D. F.. Estática e Mecânica dos Materiais. McGraw-Hill, 2013. ISBN 978-85-8055-164-8}
      \bibdef{E. P. Popov. Introdução à Mecânica dos Sólidos. Blücher, 1978. ISBN 978-85-212-0094-9}
      \bibdef{Hibbeler, Russel C.. Resistência dos Materiais. PEARSON, 2010. ISBN 978-85-7605-373-6}

      \bibdef[basic]{Gere, James M.. Mecânica dos Materiais. Thomson Pioeira, ISBN 8522103135; 978-85-2210-313-3}
      \bibdef[basic]{J.N. Reddy. Principles of Continuum Mechanics: A study of conservation principles with applications. Cambridge, ISBN 978-0-521-51369-2}
      \bibdef[basic]{Paulo de Tarso R. Mendonça e Eduardo A. Fancello. O MÉTODO DE ELEMENTOS FINITOS APLICADO À MECÂNICA DOS SÓLIDOS. Florianópolis: Orsa Maggiore, 2019. ISBN 9788590715313}

      \bibdef[compl]{Gordon, J.E.. Structures: Or Why Things Don't Fall Down. Editora Penguin Books, ISBN 0306812835}
      \bibdef[compl]{Pilkey, Walter D.; Chang, Pin Yu.. Modern formulas for statics and dynamics :a stress-and-strain approach. Editora McGraw-Hill, ISBN 0070499985}
      \bibdef[compl]{Shames, Irving H.. Introdução à mecânica dos sólidos. Editora Prentice Hall do Brasil, ISBN 8570540019}


%%%%%%
%%%%%%
%



      \classremark{MUDA: etapa e súmula, mantem nome antigo}

      \bibdef[basic]{NORTON, Robert L.. Cinemática e Dinâmica dos Mecanismos. McGraw-Hill ? AMGH Editora Ltda, ISBN 9788563308191}
      \bibdef[basic]{UICKER, John J.; PENNOCK, Gordon R.; SHIGLEY, Joseph E.. Theory of Machines and Mechanisms. Oxford University Press, 2011. ISBN 9780195371239}

      \bibdef[compl]{MABIE, Hamilton H.; REINHOLTZ, Charles F.. Mechanisms and Dynamics of Machinery. John Wiley, 1987. ISBN 0471802379}
      \bibdef[compl]{NORTON, Robert L.. DESIGN OF MACHINERY. Porto Alegre: McGraw Hill, 2007. ISBN 007329098x}


%%%%%%
%%%%%%
%



      \classremark{MUDA seriação e súmula}
			\classremark{MUDA: etapa e súmula}

      \bibdef{Close C. M., Frederick D. K., Newell J. C.. Modeling and Analysis of Dynamic Systems. USA: Wiley, 2001. ISBN 9780471394426}
      \bibdef{Kluever, C. A.. Dynamic Systems: Modeling, Simulation, and Control. New York, USA: Wiley, 2015. ISBN 978-1118289457}
      \bibdef{Palm III, W. J.. System Dynamics. McGraw-Hill, 2013. ISBN 9780073398068}


      \bibdef[basic]{Kulakowski, B. T., Gardner, J. F., Shearer, J. L.. Dynamic Modeling and Control of Engineering Systems. Cambridge, UK: Cambridge University Press, 2012. ISBN 978-1107650442}
      \bibdef[basic]{Lu, B., Esfandiari, R. S.. Modeling and Analysis of Dynamic Systems. Boca Raton, FL, USA: CRC Press, 2014. ISBN 9781466574939}
      \bibdef[basic]{Palm III, W.J.. Modeling, Analysis and Control of Dynamic Systems. USA: John Wiley, 1999. ISBN 9780471073703}
      \bibdef[basic]{Rao, S. S.. Vibrações Mecânicas. Pearson, 2008. ISBN 9788576052005}

      \bibdef[compl]{Das, S.. Mechatronic Modeling and Simulation Using Bond Graphs. CRC Press, 2009. ISBN 9781420073140}
      \bibdef[compl]{Franklin, G., Powell, J. D., Emami-Naeini, A.. Sistemas de Controle para Engenharia. Bookman, 2013. ISBN 9788582600672}
      \bibdef[compl]{Golnaraghi, M. F., Kuo, B. C.. Sistemas de controle automático. LTC-GEN, ISBN 9788521606727}
      \bibdef[compl]{Ogata, K.. Engenharia de Controle Moderno. Pearson Prentice Hall, ISBN 9788576058106}


%%%%%%%%%%%%%%%%%
%%%%%%%%%%%%%%%%%
%%%
%%%  Etapa 05
%%%
%%%%%%%%%%%%%%%%%
%%%%%%%%%%%%%%%%%



%%%%%%
%%%%%%
%



      \classremark{MUDA: etapa e súmula}

      \bibdef{Sedra, Adel S.; Smith, Kenneth C.. Microeletrônica. São Paulo, SP: Pearson Universidades, 2007. ISBN 9788576050223}

      \bibdef[basic]{Millman, J.; Halkias C.; Parikh, C.D.. MILLMAN'S INTEGRATED ELECTRONICS. McGraw-Hill, 2010. ISBN 0070151423}
      \bibdef[basic]{Schilling, Donald L.; Belove, Charles. Circuitos eletrônicos :discretos e integrados. Guanabara Dois}

      \bibdef[compl]{Behzad Razavi. Fundamentos de Microeletrônica. LTC - Grupo GEN, ISBN 9788521617327}
      \bibdef[compl]{Boylestad, Robert L.; Nashelsky, Louis. Dispositivos eletrônicos e teoria de circuitos. Prentice-Hall do Brasil, ISBN 8587918222}

%%%%%%
%%%%%%
%



      \bibdef{C. K. Alexander, M. N. O. Sadiku. Fundamentos de Circuitos Elétricos. McGraw-Hill, 2008. ISBN 978-85-86804-97-7}
      \bibdef{J. W. Nilsson. Circuitos Elétricos. Rio de Janeiro: Pearson Prentice-Hall, 1999. ISBN 978-85-7605-159-6}

      \bibdef{J David Irwin. Análise Básica de Circuitos para Engenharia. LTC, 2003. ISBN 85-216-1374-1}

      \bibdef[compl]{C. A. Desoer, E. S. Kuh. Teoria Básica de Circuitos. Guanabara Dois, 1979}
      \bibdef[compl]{J. Bird. Circuitos Elétricos - Teoria e Tencnologia. Campus, 2009. ISBN 978-85-352-2771-0}
      \bibdef[compl]{W. H. Hayt Jr., J. E. Kemmerly, S. M. Durbin. Análise de Circuitos em Engenharia. McGraw-Hill, 2008. ISBN 978-85-7726-021-8}
      \bibdef[compl]{Yannis Tsividis. A First Lab in Circuits and Electronics. Wiley, 2001. ISBN 978-0-471-38695-7}

%%%%%%
%%%%%%
%



      \bibdef{Hibeller. Análise de Estruturas. Brasil: Pearson, 2017. Disponível em: ps://www.amazon.com.br/AnÃ¡lise-das-Estruturas-R-C-Hibbeler/dp/8581431275?tag=goog0ef-20}

      \bibdef[basic]{Beer, Ferdinand Pierre; Johnston, E. Russell, Jr.; DeWolf, John T.. Resistência dos materiais :mecânica dos materiais. São Paulo: McGraw-Hill, c2006. ISBN 8586804835; 9788586804830}
      \bibdef[basic]{Salvadori, Mario G.; Heller, Robert. Estructuras para arquitectos. Buenos Aires: Cp67, 1987. ISBN 9509575143}
      \bibdef[basic]{Steffen, Julio Cezar; Tamagna, Alberto. Prática de sistemas estruturais. São Leopoldo: UNISINOS, 1982}
      \bibdef[basic]{Sussekind, Jose Carlos. Curso de analise estrutural. Sao Paulo: Globo, 1994. ISBN 8525002267}


%%%%%%
%%%%%%
%



      \bibdef{Haykin, Simon; Van Veen, Barry; Laschuk, Anatolio. Sinais e sistemas. Porto Alegre: Bookman, 2001. ISBN 8573077417; 9788573077414}

      \bibdef[basic]{Franklin, Gene F.; Powell, J. David; Emami-Naeini, Abbas. Feedback control of dynamic systems. Upper Saddle River, N.J.: Pearson Prentice Hall, c2006. ISBN 0131499300}
      \bibdef[basic]{Lathi, B. P.. Sinais e sistemas lineares. Porto Alegre: Bookman, 2007. ISBN 0195158334 (obra original); 9788560031139}
      \bibdef[basic]{Oppenheim, Alan V.; Willsky, Alan S.; Nawab, Syed Hamid. Signals. Upper Saddle River, N.J.: Prentice Hall, c1997. ISBN 0138147574}

      \bibdef[compl]{Geromel, José Claudio; Palhares, Alvaro Geraldo Badan. Análise linear de sistemas dinâmicos :teoria, ensaios práticos e exercícios. São Paulo: Edgard Blücher, 2004. ISBN 8521203357; 9788521203353}
      \bibdef[compl]{Hsu, Hwei P.. Sinais e Sistemas. Porto Alegre: Bookman, 2004. ISBN 8536303603}
      \bibdef[compl]{Olivier, J. C.. Linear Systems and Signals: A Primer. Norwood, MA: Artech House, 2019}

%%%%%%
%%%%%%
%



      \classremark{DISCIPLINA NOVA}

      \bibdef{C. Borgnakke, R. E. Sonntag, G. J. Van Wylen. Fundamentos da Termodinâmica. São Paulo: Edgard Blucher, 2009. ISBN 9788521204909}
      \bibdef{J. M. Smith, H. C. Van Ness, M. M. Abbott. Introdução à Termodinâmica da Engenharia Química. Rio de Janeiro: LTC - Livros Técnicos e Científicos, 205. ISBN 9788521615538}

      \bibdef[basic]{Milo D. Koretsky. Termodinâmica para a Engenharia Química. Rio de Janeiro: LTC, 2017. ISBN 9788521615309}

%%%%%%
%%%%%%
%



      \classremark{MUDA ETAPA}

      \bibdef[basic]{Craig, John J.. Introduction to robotics :mechanics and control. Upper Saddle River, N.J.: Pearson Prentice Hall, c2005. ISBN 0201543613; 9780201543612}
      \bibdef[basic]{Fu, K. S., Gonzales, R. C., Lee, C. S. G.. Robotics Control, Sensing, Vision and Intelligence. New York: McGraw-Hill, 1987}

      \bibdef[compl]{Asada, Haruhiko; Slotine, Jean-Jacques E.. Robot analysis and control. New York: John Wiley, c1986. ISBN 471830291; 9780471830290}
      \bibdef[compl]{Goebel, P.. ROS by Example - INDIGO. Raleigh, NC: Lulu, 2015. ISBN 9781312392663}
      \bibdef[compl]{Martinez, A., Fernández, E.. Learning ROS for Robotics Programming. Birmingham, UK: Packt Publishing, 2013. ISBN 978-1-78216-144-8}
      \bibdef[compl]{O'Kane, J. M.. A Gentle Introduction to ROS. CreateSpace, 2013. ISBN 978-1492143239}
      \bibdef[compl]{Romano, Vitor Ferreira. Robótica industrial:Vaplicação na indústria de manufatura e de processos. São Paulo: Edgard Blücher, c2002. ISBN 8521203152}


%%%%%%
%%%%%%
%



      \classremark{MUDA ETAPA}

      \bibdef[basic]{John J. Craig. Robótica. Pearson, 2013. ISBN 9788581431284}
      \bibdef[basic]{Saeed Benjamin Niku. Introdução á Robótica - Análise, Controle, Aplicações. Rio de Janeiro: LTC, 2013. ISBN 9788521622376}

      \bibdef[compl]{Bruno Siciliano, Lorenzo Sciavicco, Luigi Villani, Giuseppe Oriolo. Robotics Modelling, Planning and Control. Springer, ISBN 9781846286414}
      \bibdef[compl]{Fernando Pazos. Automação de Sistemas. Rio de Janeiro: Axcel Books, 2002. ISBN 8573231718}
      \bibdef[compl]{João Maurício Rosário. Princípios de Mecatrônica. São Paulo: Pearson Prentice Hall, 2005. ISBN 8576050102; 9788576050100}
      \bibdef[compl]{Mark W. Spong, Seth Hutchinson e M. Vidyasagar. Robot Modeling and Control. John Wiley, 2005. ISBN 9780471649908}
      \bibdef[compl]{Mikell P. Groover,. Industrial robotics: technology, programming and applications. Editora McGraw-Hill, ISBN 007024989x}


%%%%%%%%%%%%%%%%%
%%%%%%%%%%%%%%%%%
%%%
%%%  Etapa 06
%%%
%%%%%%%%%%%%%%%%%
%%%%%%%%%%%%%%%%%




%%%%%%
%%%%%%
%



      \bibdef{A. E. Fitzgerald, C . Kingsley Jr, S. D. Umans. Máquinas Elétricas. Bookman, ISBN 978-85- 60031-04-7}
      \bibdef{D. C . White, H. H. Woodson. Electromechanical Energy Conversion. John Wiley, ISBN 978- 0262230292}
      \bibdef{Edson Bim. Máquinas Elétricas e Acionamento. Campus/Elsevier, ISBN 9788535230291}

      \bibdef[basic]{A. Ivanon-Smolensky. Electrical Machines. MIR, 1980}
      \bibdef[basic]{M. Kostenko, L. Piotrovski. Máquinas Eléctricas. Lopes da Silva, 1979}
      \bibdef[basic]{P. C . Krause. Analysis of electric machinery and drive systems. Wiley, ISBN 9781118024294}
      \bibdef[basic]{Syed A. Nasar. Electric Machines and Power Systems. McGraw-Hill, ISBN 978-0071135269}

      \bibdef[compl]{C harles A. Gros. Electric Machines. CRC Press, ISBN 9780849385810}
      \bibdef[compl]{Kay Hameier. Numerical Modelling and Design of Electrical Machines and Devices. WIT Press, ISBN 978-1853126260}
      \bibdef[compl]{S. J. C hapman. Electric Machinery Fundamentals. McGraw-Hill, ISBN 9780072465235}


%%%%%%
%%%%%%
%



      \classremark{MUDA: pré-requisitos}

      \bibdef{Balbinot A., Brusamarello, V. J.. Instrumentação e Fundamentos de Medidas. GEN, 2011. ISBN 9788521615637}
      \bibdef{Balbinot, A., Brusamarello V. J.. Instrumentação e Fundamentos de Medidas. GEN, ISBN 8521614969}

      \bibdef[basic]{DOEBELIN, O.. Measurement Systems. McGraw-Hill, ISBN 9780071077606}
      \bibdef[basic]{FRADEN, J.. Handbook of Modern Sensors. Springer AIP Press, 2010. ISBN 1441964657}
      \bibdef[basic]{PALLÀS-ARENI R., WEBSTER J. G.. Sensors and Signal Conditioning. John Wiley, ISBN 0471332321}

      \bibdef[compl]{CONSIDINE, D. A.. Process Instruments and Controls Handbook.. Mc Graw-Hill Book Company, ISBN 0070125821}
      \bibdef[compl]{HOLMAN J. P.. Experimental Methods for Engineers. McGraw-Hill, Inc, ISBN 9780073660554}

%%%%%%
%%%%%%
%



      \bibdef{Sedra, Adel S.; Smith, Kenneth C.. Microeletrônica. Editora Pearson Prentice Hall, ISBN (ISBN: 9788576050223)}
      \bibdef{Silva, Manuel de Medeiros da. Circuitos com Transitores Bipolares e MOS. Lisboa: Fundação Calouste Gulbenkian, 2008. ISBN 978-972-31-0840-8}

      \bibdef[basic]{Desoer, Charles A.; Kuh, Ernest S.. Basic Circuit Theory.. Érica, 2006. ISBN 0-07-085183-2}

      \bibdef[compl]{Cordell, Bob. Designing Audio Power Amplifiers.. McGraw-Hill/TAB, ISBN 978-0071640244}

%%%%%%
%%%%%%
%



      \classremark{MUDA  pré-requisitos}

      \bibdef{Merle C. Potter, David C. Wiggert. Mecânica dos fluidos. Rio de Janeiro: Cengage, 2013. ISBN 8522103097}
      \bibdef{Robert W. Fox, Alan T. McDonald, John C. Leylegian. Introdução à mecânica dos Fluidos. Rio de Janeiro: LTC, 2017}
      \bibdef{Welty, James R.. Fundamentos de transferência de momento, de calor e de massa. Rio de Janeiro: LTC, 2017}

      \bibdef[basic]{Bird, R. Byron; Stewart, Warren E.; Lightfoot, Edwin N. Fenômenos de Transporte. Rio de Janeiro: LTC, 2004. ISBN 8521613938}

%%%%%%
%%%%%%
%



      \bibdef{Paul T. Ward. Structured Development for Real-Time Systems, Vol. III: Implementation Modeling Techniques. Prentice Hall, ISBN 9780138548032}
      \bibdef{Selic, Bran; Gullekson, Garth; Ward, Paul T.. Real-time object-oriented modeling. John Wiley, ISBN 0471599174}

      \bibdef[compl]{Awad, Maher; Kuusela, Juha; Ziegler, Jurgen. Object-oriented technology for real-time systems :a practical approach using omt and fusion. Prentice Hall, ISBN 0132279436}


%%%%%%
%%%%%%
%



      \classremark{MUDA pré-requisitos}

      \bibdef{Bazanella, Alexandre Sanfelice; Gomes da Silva Junior, Joao Manoel. Sistemas de controle: princípios e métodos de projeto. UFRGS, 2005. ISBN 8570258496}

      \bibdef[basic]{Astrom, Karl Johan; Hagglund, Tore. Pid controllers: theory, design, and tuning. ISA, 1995. ISBN 978-1556175169}
      \bibdef[basic]{Franklin, Gene F.; Powell, J. David; Emami-Naeini, Abbas. Feedback control of dynamic systems. Prentice Hall, ISBN 0131499300}
      \bibdef[basic]{Ogata, Katsuhiko. Engenharia de controle moderno. Prentice Hall do Brasil, ISBN 8587918230}

      \bibdef[compl]{Dorf, Richard. Modern control systems. Prentice Hall, ISBN 0131457330}
      \bibdef[compl]{Kuo, Benjamin C.. Automatic control systems. Wiley, ISBN 0471134767}



%%%%%%%%%%%%%%%%%
%%%%%%%%%%%%%%%%%
%%%
%%%  Etapa 07
%%%
%%%%%%%%%%%%%%%%%
%%%%%%%%%%%%%%%%%



%%%%%%
%%%%%%
%



      \classremark{MUDA pré-requisitos e súmula}

      \bibdef{B. K. Bose. Power electronics and variable frequency drives : technology and applications.. IEEE Press, 1997. ISBN 0780310845}
      \bibdef{Edson Bin. Máquinas Elétricas e Acionamento. Campus/Elsevier, 2009. ISBN 9788535230291}
      \bibdef{P. C. Krause. Analysis of electric machinery and drive systems.. Wiley, 2013. ISBN 9781118024294}

      \bibdef[basic]{Austin Hughes. Electric motors and drives : fundamentals, types and applications. Elsevier, 2006. ISBN 9780750647182}
      \bibdef[basic]{Ion Boldea. Electrical Drives. CRC Press, 1999. ISBN 0849325218}
      \bibdef[basic]{S. K. Pillai. A First Course in Electrical Drives. John Willey, 1989. ISBN 047021399X}
      \bibdef[basic]{W. Leonhard. Control of Electrical Drives. Springer Verlag, 1990. ISBN 3540136509}

      \bibdef[compl]{D. C. White, H. H. Woodson. Electromechanical Energy Conversion. John Wiley, 1959. ISBN 978-0262230292}
      \bibdef[compl]{Gordon R. Slemon. Electrical Machines and Drives. Addison-Wesley, 1992. ISBN 0201578859}
      \bibdef[compl]{J. J. Cathey. Electrical Machines: Analysis and Design Applying Matlab. MCGraw-Hill, 2000. ISBN 0072423706}
      \bibdef[compl]{J. M. D. Murphy. Power Electronics of AC Motors. Pergamon, 1988. ISBN 0080226833}

%%%%%%
%%%%%%
%



      \bibdef{Bazanella, Alexandre Sanfelice; Gomes da Silva Junior, Joao Manoel. Sistemas de controle: princípios e métodos de projeto. UFRGS, 2005. ISBN 8570258496}

      \bibdef[basic]{Ogata, Katsuhiko. Engenharia de controle moderno. Prentice Hall do Brasil, ISBN 8587918230}

      \bibdef[compl]{Astrom, Karl Johan; Hagglund, Tore. Pid controllers: theory, design, and tuning. ISA, ISBN 978-1556175169}
      \bibdef[compl]{Franklin, Gene F.; Powell, J. David; Emami-Naeini, Abbas. Feedback control of dynamic systems. Prentice Hall, ISBN 0131499300}

%%%%%%
%%%%%%
%



      \classremark{MUDA etapa... e CH/súmula}

      \bibdef{Cady, Fredrick M... Microcontrollers and Microcomputers: Principles of Software and Hardware Engineering.. New York.: Oxford University Press., 2010. ISBN 9780195371611}
      \bibdef{Pont, Michael J... Embedded C.. Boston.: Addison-Wesley Professional., 2002. ISBN 9780201795233}
      \bibdef{Susnea, Ioan; Mitescu, Marian.. Microcontrollers in Practice.. Berlin.: Springer-Verlag Berlin Heidelberg., 2005. ISBN 9783540283089}

      \bibdef[basic]{Balch, Mark.. Complete Digital Design: A Comprehensive Guide to Digital Electronics and Computer System Architecture.. New York.: McGraw-Hill., 2003. ISBN 9780071409278}
      \bibdef[basic]{McFarland, Grant.. Microprocessor Design: A Practical Guide from Design Planning to Manufacturing.. New York.: McGraw-Hill Education., 2006. ISBN 9780071459518}
      \bibdef[basic]{Nicolosi, Denys Emílio Campion.. Microcontrolador 8051 detalhado.. São Paulo.: Erica., 2013. ISBN 9788571947214}
      \bibdef[basic]{Nicolosi, Denys Emílio Campion; Silva, Caio Mario Da.. Laboratório de Microcontroladores Família 8051 : Treino de Instruções, Hardware e Software.. São Paulo.: Erica., 2014. ISBN 9788571948716}
      \bibdef[basic]{Sen Gupta, Gourab.. Embedded Microcontroller Interfacing: Designing Integrated Projects.. Berlin.: Springer-Verlag Berlin Heidelberg., 2010. ISBN 9783642136368}
      \bibdef[basic]{Silva Junior, Vidal Pereira da.. Aplicações práticas do microcontrolador 8051.. São Paulo.: Erica., 2004. ISBN 8571949395}
      \bibdef[basic]{Silva Junior, Vidal Pereira da.. Microcontrolador 8051 : hardware e software.. São Paulo.: Erica., 1990. ISBN 8571940363}

      \bibdef[compl]{Hennessy, John L.; Patterson, David A... Arquitetura de Computadores : Uma Abordagem Quantitativa.. Rio de Janeiro.: Elsevier Brasil., 2013. ISBN 9788535261226}
      \bibdef[compl]{Hennessy, John L.; Patterson, David A... Computer Architecture : A Quantitative Approach.. Waltham, Mass.: Elsevier Morgan Kaufmann., 2012. ISBN 9780123838728}
      \bibdef[compl]{Patterson, David A.; Hennessy, John L... Computer Organization and Design : The Hardware/Software Interface.. Amsterdam.: Elsevier Morgan Kaufmann., 2013. ISBN 9780124077263}
      \bibdef[compl]{Patterson, David A.; Hennessy, John L... Organização e Projeto de Computadores : A Interface Hardware/Software.. Rio de Janeiro.: Elsevier Brasil., 2013. ISBN 9788535235852}


%%%%%%
%%%%%%
%



      \bibdef{GROOVER, Mikell P.. Fundamentals of Modern Manufacturing: Materials, Processes, and Systems. New York: John Wiley, 2012. ISBN 1118231465}

      \bibdef[basic]{A. E. Diniz, F. C. Marcondes, N. L. Coppini. Tecnologia da usinagem dos materiais. São Paulo: Artliber, 2006. ISBN 8587296019}
      \bibdef[basic]{J. M. G. de Carvalho Ferreira. Tecnologia da fundição. Lisboa: Fundação Calouste Gulbenkian, 1999. ISBN 9723108372}
      \bibdef[basic]{P. R. Cetlin, H. Helman. Fundamentos da conformação mecânica dos metais. São Paulo: Artliber, 2005. ISBN 8588098288}
      \bibdef[basic]{P. V. Marques, P. J. Modenesi, A. Q. Bracarense. Soldagem - fundamentos e tecnologia. Belo Horizonte: UFMG, 2009. ISBN 8570417489}

      \bibdef[compl]{C. Lefteri. Como se faz: 82 técnicas de fabricação para design de produtos. Blucher, 2009. ISBN 978-85-212-0506-7}
      \bibdef[compl]{G. E. Dieter. Metalurgia Mecânica. Rio de Janeiro: Guanabara Dois, 1981}


%%%%%%
%%%%%%
%



      \bibdef{Tanembaum, Andrew S. Redes de Computadores. Campus, ISBN 8535211853}

      \bibdef[basic]{Soares, L.F.G., Lemos, G. e Colcher, S. Redes de Computadores - Das LANs, MANs e WANs as Redes ATM. Campus, ISBN 857001998X}

%%%%%%
%%%%%%
%



      \bibdef{A.S. Bazanella, J.M. Gomes da Silva Jr.. Sistemas de Controle: Princípios e Métodos de Projeto.. UFRGS, 2005. ISBN 85-7025-849-6}
      \bibdef{Ogata, Katsuhiko; Maya, Paulo Alvaro. Engenharia de controle moderno. Rio de Janeiro: Prentice-Hall do Brasil, 2003. ISBN 8587918230; 9788597918239}

      \bibdef[basic]{G.F. Franklin, J.D. Powell, A.Emami-Naeini. Feedback Control of Dynamic Systems. Prentice Hall, 2002. ISBN 0130323934}

      \bibdef[compl]{Boldrini; Costa; Figueiredo; Wetzler. Álgebra Linear. Harbra, 1986. ISBN 8529402022}
      \bibdef[compl]{Chen, C.T.. Linear System Theory.. Oxford University Press, 1998. ISBN 0195117778}
      \bibdef[compl]{Lucíola Campestrini. Sintonia de controladores PID descentralizados baseada no método do ponto crítico. 2006}
      \bibdef[compl]{Volnei Zanchin. Projetos de controladores para sistemas de potência utilizando LMI'S. 2003}


%%%%%%
%%%%%%
%



      \classremark{MUDA pré-requisitos}

      \bibdef{Prudente, F.. Automação Industrial Pneumática: Teoria e Aplicações. LTC, 2013. ISBN 9788521621195}
      \bibdef{Rabie, M.. Fluid Power Engineering. McGraw-Hill, 2009. ISBN 0071622462}
      \bibdef{Watton, J.. Fundamentos de Controle em Sistemas Fluidomecânicos. LTC, ISBN 9788521620259}

      \bibdef[basic]{Capuamo, F. G., Idoeta, I. V. Elementos de Eletrônica Digital. Erica, ISBN 9788571940192}
      \bibdef[basic]{Cundiff, J. S. Buckmaster, D. R.. Fluid Power Circuits and Controls: Fundamentals and Applications. Taylor and Francis, 2011. ISBN 9781439827819}
      \bibdef[basic]{Linsingen, I. V.. Fundamentos de Sistemas Hidráulicos. UFSC, 2001. ISBN 9788532803986}

      \bibdef[compl]{Bollmann, A. Fundamentos da automação Industrial Pneutrônica, Projetos de Comandos Binários Eletropneumáticos. São Paulo: ABHP ? Associação Brasileira de Hidráulica e Pneumática, 1996}
      \bibdef[compl]{Bolton, W.. Pneumatic and Hydraulic Systems. Butterworth-Heinemann}
      \bibdef[compl]{Martin, H.. The Design of Hydraulic Components and Systems. Elis Horwood Limited}
      \bibdef[compl]{Merritt, Herbert E.. Hydraulic control systems. John Wiley, 1967. ISBN 0471596175}
      \bibdef[compl]{Parr, A.. Hydraulics and Pneumatics ? A Technician?s and Engineer?s Guide. New York: Elsevier Ltd., 2007. ISBN 0750644192}
      \bibdef[compl]{Yeaple, F.. Fluid Power Design Handbook. New York: Marcel Dekker, Inc., 1996. ISBN 0824795628}


%%%%%%%%%%%%%%%%%
%%%%%%%%%%%%%%%%%
%%%
%%%  Etapa 08
%%%
%%%%%%%%%%%%%%%%%
%%%%%%%%%%%%%%%%%



%%%%%%
%%%%%%
%



      \bibdef{JUVINAL R. C., MARSHEK, K. M.. Fundamentos do Projeto de Componentes de Máquinas. 978-85-216-1578-1, 2008. ISBN 978-85-216-1578-1}

      \bibdef[basic]{NORTON, R. L.. Projeto de Máquinas - Uma abordagem integrada. Porto Alegre: Bookman, 2004. ISBN 8582600224}
      \bibdef[basic]{SHIGLEY, Joseph Edward; MISCHKE, Charles R.; BUDYNAS, Richard G.. Projeto de engenharia mecânica. Porto Alegre: Bookman, 2004. ISBN 85-363-0562-2}

      \bibdef[compl]{HIBBELER, R. C.. Resistência dos Materiais. Pearson, 2010. ISBN 9788576053736}

%%%%%%
%%%%%%
%



      \bibdef{Bequette, B.W.. Process Dynamics: Modeling, Analysis, and Simulation. Oxford University Press, 1998. ISBN 0132068893}
      \bibdef{Campos, M.; Teixeira, H.. Controles Típicos de Equipamentos e Processos Industriais. Rio de Janeiro: Edgar Blücher, 2006. ISBN 9788521205524}
      \bibdef{Seborg, D. E.; Edgar, T. F.; Mellichamp, D. A.. Process Dynamics and Control. Wiley, 2003. ISBN 0470128674}

      \bibdef[basic]{Edgar, T.F.. Optimization of Chemical Processes. McGraw-Hill, 2001. ISBN 0070393591}
      \bibdef[basic]{Luyben, W. L.. Process Modeling, Simulation and Control for Chemical Engineers. McGraw-Hill, 1990. ISBN 0070391599}
      \bibdef[basic]{Rice, R.G.. Applied Mathematics and Modeling for Chemical Engineers. John Wiley, 1995. ISBN 9781118024720}

      \bibdef[compl]{Hangos, K.; Cameron, I.. Process Modelling and Model Analysis. London: Academic Press, 2001. ISBN 0121569314}
      \bibdef[compl]{Ogunnaike, B. A.; Ray, W. H.. Process Dynamics, Modeling, and Control. Oxford: Oxford University Press, 1994. ISBN 9780195091199}

%%%%%%
%%%%%%
%



      \bibdef{A.S. Bazanella, L. Campestrini, D. Eckhard. Data-Driven Controller Design - the H2 Approach. Holanda: Springer, 2012. ISBN 978-94-007-2300-9}
      \bibdef{Astrom, Karl Johan; Wittenmark, Bjorn. Computer-controlled systems :theory and design. London: Prentice-Hall International, 1997. ISBN 0137367872}
      \bibdef{Franklin, Gene F.; Powell, J. David; Emami-Naeini, Abbas. Feedback control of dynamic systems. Upper Saddle River, N.J.: Pearson Prentice Hall, c2006. ISBN 0131499300}

      \bibdef[basic]{Aguirre, Luis Antonio. Introdução à identificação de sistemas:técnicas lineares e não-lineares aplicadas a sistemas reais. Belo Horizonte: Editora UFMG, 2007. ISBN 9788570415844}
      \bibdef[basic]{Kuo, Benjamin C.. Automatic control systems. Englewood Cliffs: Wiley, 2002. ISBN 0471134767}
      \bibdef[basic]{Ogata, Katsuhiko. Discrete-time control systems. Upper Saddle River, N.J.: Prentice Hall, c1995. ISBN 0130342815}

      \bibdef[compl]{Bazanella, Alexandre Sanfelice; Silva Junior, Joao Manoel Gomes da. Sistemas de controle:princípios e métodos de projeto. Porto Alegre: Editora da Universidade/UFRGS, 2005. ISBN 8570258496}
      \bibdef[compl]{Constantine H. Houpis and Gary B. Lamont. Digital Control Systems. McGraw-Hill, 1991. ISBN 0070305005}
      \bibdef[compl]{Elder M. Hemerly. Controle por Computador de Sistemas Dinâmicos. São Paulo: Edgard Blücher, 2000. ISBN 8521202660}
      \bibdef[compl]{Geromel, José Claudio; Palhares, Alvaro Geraldo Badan. Análise linear de sistemas dinâmicos :teoria, ensaios práticos e exercícios. São Paulo: Edgard Blücher, 2004. ISBN 8521203357; 9788521203353}

%%%%%%
%%%%%%
%



      \classremark{MUDA súmula}

      \bibdef{Groover, Mikell P.. AUTOMAÇAO INDUSTRIAL E SISTEMAS DE MANUFATURA. Pearson Brasil, 2010. ISBN 8576058715}

      \bibdef[basic]{Black, T.. O Projeto da Fábrica com Futuro. Porto Alegre: Bookman, 2000}

      \bibdef[compl]{Groover, Mikell P.. Automation Production Systems and Computer integrated Manufacturing. Prentice-Hall, 2007. ISBN 0132393212}
      \bibdef[compl]{Liker, Jeffrey K.. O modelo Toyota :14 princípios de gestão do maior fabricante do mundo. Porto Alegre: Bookman, 2005. ISBN 9788536304953}
      \bibdef[compl]{Lorino, F. V.. Tecnologia de grupo e organização da manufatura}

%%%%%% GRADE FDC A
%%%%%%
%



      \classremark{MUDA natureza EL e súmula..=> voltando para 8a}

      \bibdef{GROOVER, Mikell P.. AUTOMAÇAO INDUSTRIAL E SISTEMAS DE MANUFATURA. Pearson Brasil, 2010. ISBN 8576058715}

      \bibdef[basic]{CHANG, Tien-C.; WYSK, Richard A.; WANG, Hsu-P.. Computer-aided manufacturing. London: Prentice-Hall, 2005. ISBN 978-0131429192}
      \bibdef[basic]{SAWHNEY, G. S.. Fundamentals of computer aided manufacturing. I K International Publishing House, 2007. ISBN 978-8189866372}

      \bibdef[compl]{Amorim, H.J.. Furação - (Material desenvolvido para a disciplina ENG03386). 2012}
      \bibdef[compl]{Amorim, H.J.. Torneamento (Material desenvolvido para a disciplina ENG03386). 2012}
      \bibdef[compl]{Amorim. H.J.. Fresamento (Material desenvolvido para a disciplina ENG03386). 2013}
      \bibdef[compl]{CORNELIUS, Leondes T.. Computer aided and integrated manufacturing systems: manufacturing processes. World Scientific Publishing Company, 2003. ISBN 978-9812389794}
      \bibdef[compl]{GROOVER, Mikell P.. Automation, production systems, and computer-integrated manufacturing. London: Prentice Hall, 2007. ISBN 978-0132393218}

%%%%%%  GRADE FDC B
%%%%%%
%



      \classremark{MUDA natureza EL..=> indo para 8a}

      \bibdef{Manring, N.. Hydraulic Control Systems. Wiley, 2005. ISBN 9780471693116}
      \bibdef{Slotine, J.-J; Li, W.. Applied Nonlinear Control. USA: Prentice-Hall, 1991. ISBN 9780130408907}
      \bibdef{WATTON, John. Fundamentos de controle em sistemas fluidomecânicos. Rio de Janeiro: LTC, 2012. ISBN 9788521624516}

      \bibdef[basic]{Costa, G. K., Sepehri, N.. Hydrostatic Transmissions and Actuators: Operation, Modelling and Applications. New York, USA: Wiley, 2015}
      \bibdef[basic]{Cundiff, J. S., Buckmaster, D. R.. Fluid Power Circuits and Controls: Fundamentals and Applications. Boca Raton, FL, USA: CRC Press, 2013. ISBN 978-1439827819}
      \bibdef[basic]{Linsingen, I. V.. Fundamentos de Sistemas Hidráulicos. UFSC, ISBN 9788532806468}
      \bibdef[basic]{Merritt, H.E.. Hydraulic Control Systems. New York, USA: John Wiley, 1991. ISBN 978-0471596172}
      \bibdef[basic]{Watton, J.. Fundamentos de Controle em Sistemas Fluidomecânicos. LTC-GEN, ISBN 9788521620259}

      \bibdef[compl]{Akers, A., Gassman, M., Smith, R.. Hydraulic Power System Analysis. CRC - Taylor, 2006. ISBN 9780824799564}
      \bibdef[compl]{Dorf, R. C., Bishop, R. H.. Modern control systems. Pearson Prentice Hall, ISBN 9780136024583}
      \bibdef[compl]{Franklin, G. F., Powell, J. D., Emami-Naeini, A.. Sistemas de Controle para Engenharia. Bookman, 2013. ISBN 9788582600672}
      \bibdef[compl]{Ogata, K.. Engenharia de Controle Moderno. Pearson - Prentice Hall, ISBN 9788576058106}
      \bibdef[compl]{Parr, A.. Hydraulics and Pneumatics: A Technicians and Engineers Guide. Butterworth - Heinemann, ISBN 9780080966748, 0080966748}
      \bibdef[compl]{Rabie, M.. Fluid Power Engineering. USA: McGraw-Hill, 2009. ISBN 0071622462}
      \bibdef[compl]{Watton, J.. Modelling, Monitoring and Diagnostic Techniques for Fluid Power Systems. Springer-Verlag, 2007. ISBN 9781846283734}

%%%%%%  GRADE FDC C
%%%%%%
%



      \classremark{MUDA natureza EL..=> voltando para 8a}

      \bibdef{Sedra, Adel S.. Microeletrônica. Pearson Prentice Hall, 2007. ISBN 9788576050223}

      \bibdef[basic]{Graeme, Jerald G.; Tobey, Gene E.; Huelsman, Laurence P.. Operational amplifiers :design and aplications. Auckland: Mcgraw-Hill International Book., [c1981]}
      \bibdef[basic]{Razavi, Behzad. Fundamentos em microeletrônica. LTC, 2010. ISBN 9788521617327}
      \bibdef[basic]{Sérgio Franco. Design with operational amplifiers and analog integrated circuits. WCB/McGraw-Hill, 1998. ISBN 0070218579}
      \bibdef[basic]{Wait, John V.. Introduction to operational amplifier :theory and applications. --: Mcgraw-Hill, 1991}
      \bibdef[basic]{Walt Jung. Op Amp Applications Handbook. USA: Newnes (Elsevier), 2004. ISBN 9780750678445}
      \bibdef[basic]{Wong, Yu Jen. Function Circuits: Design and Applications. Mcgraw-Hill, ISBN 007071570X}

      \bibdef[compl]{Don Lancaster. Active-Filter Cookbook. Howard Sams, ISBN 0-672-21168-8}
      \bibdef[compl]{Ott, Henry W. Noise Reduction Techniques in Electronics Systems. John Wiley, ISBN 0471850683}



%%%%%%%%%%%%%%%%%
%%%%%%%%%%%%%%%%%
%%%
%%%  Etapa 09
%%%
%%%%%%%%%%%%%%%%%
%%%%%%%%%%%%%%%%%



%%%%%%
%%%%%%
%



      \classremark{NOVA, sem bibliografia}


%%%%%%
%%%%%%
%



      \classremark{MUDA: súmula, seriação CH, .. vai mudar ???}



%%%%%%   GRADE FDC A
%%%%%%
%



      \classremark{MUDA natureza: EL..=> indo para 9a}

      \bibdef{CARDOSO, J.; VALETTE, R.;. Redes de Petri}
      \bibdef{Christos G. Cassandras, Stéphane Lafortune.. Introduction to Discrete Event Systems. Springer, 2010. ISBN 978-1441941190}
      \bibdef{Paulo Eigi Miyagi. Controle Programável: fundamentos do controle de sistemas a eventos discretos. Blucher, 1996. ISBN 852120079x}

      \bibdef[basic]{Introduction to Discrete Event Systems. Discrete Event Systems: modeling and performance analysis. Irwin, 1993. ISBN 0-256-11212-6}
      \bibdef[basic]{Luis Antonio Aguirre. Enciclopédia de Automática - Vol.1. Blucher, 2007. ISBN 9788521204084}
      \bibdef[basic]{Reisig, Wolfgang. Understanding Petri Nets : Modeling Techniques, Analysis Methods, Case Studies. Heidelberg: Springer Berlin, 2013. ISBN 9783642332784, 9783642332777}
      \bibdef[basic]{Seatzu, Carla. Control of Discrete-Event Systems : Automata and Petri Net Perspectives. London: Springer, 2013. ISBN 9781447142768}
      \bibdef[basic]{Zhou, MengChu. Modeling and Control of Discrete-event Dynamic Systems : with Petri Nets and Other Tools. London: Springer-Verlag, 2007. ISBN 9781846288777}

      \bibdef[compl]{James L. Hein. Discrete Structures, Logic and Computability. Jones and Bartlett, 2010. ISBN 9780763772062}
      \bibdef[compl]{Jarry Banks,. Discrete-event System Simulation. Prentice Hall, ISBN 978-0131446793}
      \bibdef[compl]{Jensen, Kurt. Coloured Petri Nets : Modelling and Validation of Concurrent Systems. Heidelberg: Springer-Verlag Berlin, 2009. ISBN 9783642002847}
      \bibdef[compl]{Popova-Zeugmann, Louchka. Time and Petri Nets. Heidelberg: Springer Berlin, 2013. ISBN 9783642411151, 9783642411144}


%%%%%%  GRADE FDC B
%%%%%%   [Pro.ProjSis]
%



      \classremark{MUDA natureza EL..=> voltando para 9a}

      \bibdef{Bruno Siciliano, Lorenzo Sciavicco, Luigi Villani, Giuseppe Oriolo. Robotics: Modelling, Planning and Control. London: Springer-Verlag, 2009. ISBN 978-1-84628-642-1}
      \bibdef{PAHL, G.; BEITZ, W. ; FELDHUSEN, J.; GROTE K.-H.. Engineering Design: A Systematic Approach. Springer, 2007. ISBN 9781846283185}

      \bibdef[basic]{NWOKAH, O. D. I.; HURMUZLU, Y.. The Mechanical System Design Handbook: Modeling, Measurement and Control. Boca Raton: CRC Press, 2002. ISBN 0849385962}

      \bibdef[compl]{DORF, R. C.; KUSIAC, A.. HANDBOOK OF DESIGN, MANUFACTURING AND AUTOMATION. Wiley-Interscience, 1994. ISBN 0471552186}
      \bibdef[compl]{RAO, S.. Vibrações Mecânicas. Pearson Prentice Hall, 2008. ISBN 978-85-7605-200-5}
      \bibdef[compl]{SPONG, M. W.; HUTCHINSON, S.; VIDYASAGAR, M.. Robot Modeling and Control. Wiley, 2005. ISBN 978-0-471-64990-8}

%%%%%% GRADE FDC C
%%%%%%
%



      \classremark{MUDA natureza EL..=> indo para a 9a}

      \bibdef{A. E. Fitzgerald, C . Kingsley Jr, S. D. Umans. Máquinas Elétricas. Porto Alegre: Bookman, 2014. ISBN 9788580553741}
      \bibdef{Edson Bim. Máquinas Elétricas e Acionamento. Brasil: Elsevier - Campus, 2014. ISBN 85-352-7713-7}
      \bibdef{M. Kostenko, L. Piotrovski. Máquinas Elétricas. Portugal: Lopes da Silva, 1979}

      \bibdef[basic]{ANGELO JOSE JUNQUEIRA REZEK. FUNDAMENTOS BASICOS DE MAQUINAS ELETRICAS: TEORIA E ENSAIOS. Brasil: Synergia, 2011. ISBN 8561325690}
      \bibdef[basic]{D. C . White, H. H. Woodson. Electromechanical Energy Conversion. EUA: Wiley, 1959}
      \bibdef[basic]{Ned Moham. Máquinas Elétricas E Acionamentos: Curso Introdutório. Brasil: LTC, 2015. ISBN 8521627629}

%%%%%% GRADE FDC C
%%%%%%
%



      \classremark{MUDA natureza EL..=> indo para a 9a}

      \bibdef{Joseph Vithayathil. Power electronics : principles and applications.. McGraw-Hill, 1995. ISBN 0070675554}
      \bibdef{M. H. Rashid. Eletrônica de potência : dispositivos, circuitos e aplicações.. Pearson Education do Brasil, 2015. ISBN 9788543005942}
      \bibdef{Ned Mohan. Power electronics : converters, applications, and design.. John Wiley, 2003. ISBN 9780471226932}

      \bibdef[basic]{B. K. Bose. Power electronics and variable frequency drives : technology and applications.. IEEE Press, 1997. ISBN 0780310845}
      \bibdef[basic]{Haitham Abu-Rub, Mariusz Malinowski, Kamal Al-Haddad. Power Electronics for Renewable Energy Systems, Transportation and Industrial Applications. New York: Wiley-IEEE Press, 2014. ISBN 978-1-118-63403-5}
      \bibdef[basic]{J. M. D. Murphy. Power electronic control of AC motors.. Pergamon, 1988. ISBN 0080226833}
      \bibdef[basic]{Martins, D. C.; Barbi, Ivo. Eletrônica de potência : conversores CC-CC básicos não isolados. Florianópolis: Florianópolis Ed. do Autor 2000., 2000. ISBN 859010463X}
      \bibdef[basic]{Martins, D. C.; Barbi, Ivo. Introdução ao Estudo dos Conversores CC-CA. Florianópolis: INEP, 2005. ISBN 9788590520313}
      \bibdef[basic]{P. C. Sen. Principles of electric machines and power electronics.. John Wiley, 1989. ISBN 047185845}

      \bibdef[compl]{Barbi, Ivo. Eletrônica de Potência. Florianópolis: Do autor, 2006}
      \bibdef[compl]{M. E. El-Hawary. Principles of electric machines with power electronic applications.. IEEE Press, 2002. ISBN 0471208124}
      \bibdef[compl]{Math H. J. Bollen,? Fainan Hassan. Integration of Distributed Generation in the Power System. New York: IEEE Computer Society Press, 2011. ISBN 978-0470643372}


%%%%%%%%%%%%%%%%%
%%%%%%%%%%%%%%%%%
%%%
%%%  Etapa 10
%%%
%%%%%%%%%%%%%%%%%
%%%%%%%%%%%%%%%%%



%%%%%%
%%%%%%
%\Cdef[Transv.outros]<-1>{ENG03010}{3}{ob}



      \bibdef{Ricardo Kohn de Macedo. Gestão Ambiental. rio de janeiro: ABES, ISBN 8570221169}
      \bibdef{Vesilind, P. Aarne/ Morgan, Susan M.. Introdução a Engenharia Ambiental. São Paulo: Cengage Learning, 1991. ISBN 978-85-221-0718-6}

      \bibdef[basic]{Lixo municipal :manual de gerenciamento integrado. São Paulo: IPT, 2000. ISBN 8509001138}
      \bibdef[basic]{Aisse, Miguel Mansur; Obladen, Nicolau Leopoldo. Tratamento de esgotos por biodigestão anaeróbia. [Curitiba: CNPq, 1982?]}
      \bibdef[basic]{Azevedo Netto, Jose Martiniano de. Sistemas de esgotos sanitários. São Paulo: Companhia de Tecnologia de Saneamento Ambiental, 1977}
      \bibdef[basic]{Lima, Luiz Mario Queiroz. Tratamento de lixo. Sao Paulo: Hemus, 1991}
      \bibdef[basic]{Menegat, Rualdo; Porto, Maria Luiza; Carraro, Clóvis Carlos; Fernandes, Luís Alberto D'Ávila. Atlas ambiental de Porto Alegre. Porto Alegre: Editora da Universidade/UFRGS, 2006. ISBN 8570259123}
      \bibdef[basic]{Valle, Cyro Eyer do. Como se preparar para as normas iso 14000 :qualidade ambiental. Sao Paulo: Pioneira, 1996. ISBN 8522100101}

      \bibdef[compl]{Campbell, Stu. Manual de compostagem para hortas e jardins :como aproveitar o lixo organico domestico. Sao Paulo: Nobel, 1995. ISBN 8521308868}
      \bibdef[compl]{Ely, Aloisio. Economia do meio ambiente :uma apreciação introdutória interdisciplinar da poluição, ecologia e qualidade ambiental. Porto Alegre: FEE, 1990}
      \bibdef[compl]{Franciss, Fernando Olavo. Hidráulica de meios permeáveis :escoamento em meios porosos. Rio de Janeiro: Interciência, 1980}
      \bibdef[compl]{Jacobi, Pedro Roberto. Movimentos sociais e políticas públicas :demandas por saneamento básico e saúde, São Paulo 1974-84. São Paulo: Cortez, 1989. ISBN 8524901713 (broch.)}
      \bibdef[compl]{Knijnik, Roberto. Energia e meio ambiente em Porto Alegre :bases para o desenvolvimento. Porto Alegre: Dmae, 1994}
      \bibdef[compl]{Mandelli, Suzana Maria de Conto; Lima, Luiz Mario Queiroz; Ojima, Mário K.. Tratamento de resíduos sólidos:compêndio de publicações. Caxias do Sul: Ed. do Autor, 1991}
      \bibdef[compl]{Mota, Suetonio. Planejamento urbano e preservacao ambiental. Fortaleza: Ufc, 1981}

%%%%%%
%%%%%%
%



      \classremark{MUDA: etapa e pré-requisitos}
      
      \bibdef{Marly Monteiro de Carvalho e Roque Rabechini Jr.. - CONSTRUINDO COMPETÊNCIAS PARA GERENCIAR PROJETOS: Teoria e Casos. São Paulo, SP: Editora Atlas, 2008. ISBN 9788522449248}
      \bibdef{Project Management Institute. A Guide to the Project Management Body of Knowledge (PMBOK Guide). Pensilvania, EUA: Project Management Institute, 2000. ISBN 1880410230}

      \bibdef[basic]{Harold Kerzner. Gestão de Projetos: as Melhores Práticas. BOOKMAN, 2006. ISBN 8536306181}
      \bibdef[basic]{Marly Monteiro de Carvalho e Roque Rabechini Jr.. GERENCIAMENTO DE PROJETOS NA PRÁTICA: Casos Brasileiros - v. 1. Atlas, 2006. ISBN 9788522445233}
      \bibdef[basic]{Roque Rabechini Jr. e Marly Monteiro de Carvalho. GERENCIAMENTO DE PROJETOS NA PRÁTICA: Casos Brasileiros - v. 2. Atlas, 2009. ISBN 9788522456987}



%



      \classremark{MUDA: súmula, seriação CH, DISCIPLINA NOVA}



%%%%%%%%%%%%%%%%%
%%%%%%%%%%%%%%%%%
%%%
%%%  Etapa Eletivas
%%%
%%%%%%%%%%%%%%%%%
%%%%%%%%%%%%%%%%%



%%%%%%
%%%%%%
%



      \classremark{MUDA súmula, etapa, disciplina nova}

      \bibdef{Brockman, J.. Introduction to engineering modeling and problem solving. USA: Wiley, 2009}
      \bibdef{Clarence W. de Silva. Mechatronics: an integrated Approach. Boca Raton: CRC, 2006. ISBN 0-8493-1274-4}
      \bibdef{Robert C. Junival e Kurt M. Marshek. Fundamentos do Projeto de Componentes de Máquinas. Rio de Janeiro: LTC, 2008. ISBN 978-85-216-1578-1}

      \bibdef[basic]{Joseph E. Shigley, Charles R. Mischke e Richard G. Budynas. Projeto de Engenharia Mecânica. Porto Alegre: Bookman, 2005. ISBN 85-363-0562-2}
      \bibdef[basic]{Robert H. Bishop. The Mechatronics Handbook. Boca Raton: CRC, 2002. ISBN 0-8493-0066-5}

      \bibdef[compl]{Clarence W. de Silva. Mechatronic Systems: devices, design, control, operation and monitoring. Boca Raton: CRC, 2008. ISBN 978-0-8496-0775-1}
      \bibdef[compl]{Godfrey C. Onwubolu. Mechatronics: principles and applications. Oxford: Elsevier, 2005. ISBN 0-7506-6379-0}
      \bibdef[compl]{Robert H. Bishop. Mechatronic System Control, Logic, and Data Acquisition. Boca Raton: CRC, 2008. ISBN 978-0-8493-9260-3}
      \bibdef[compl]{Robert L. Norton. Projeto de Máquinas: uma abordagem integrada. Porto Alegre: Bookman, 2004. ISBN 85-363-0273-9}


%%%%%%
%%%%%%
%



      \classremark{MUDA súmula, etapa, disciplina nova}

      \bibdef{Juvinall, Robert C.; Marshek, Kurt M.. Fundamentos do Projeto de Componentes de Máquinas. Rio de Janeiro: LTC, 2008. ISBN 9780849312748}
      \bibdef{Silva, Clarence W. de. Mechatronics: an integrated Approach. Boca Raton: CRC, 2006. ISBN 9780849312748}

      \bibdef[basic]{Bishop, Robert H.. The Mechatronics Handbook. Boca Raton: CRC, 2002. ISBN 9780849392573}
      \bibdef[basic]{Shigley, Joseph E.; Mischke, Charles R.; Budynas, Richard G.. Projeto de Engenharia Mecânica. Porto Alegre: Bookman, 2005. ISBN 9780849392573}

      \bibdef[compl]{Bishop, Robert H.. Mechatronic System Control, Logic, and Data Acquisition. Boca Raton: CRC, 2008. ISBN 978-0-8493-9260-3}
      \bibdef[compl]{Norton, Robert L.. Projeto de Máquinas: uma abordagem integrada. Porto Alegre: Bookman, 2004. ISBN 9788582600221}
      \bibdef[compl]{Onwubolu, Godfrey C.. Mechatronics: principles and applications. Oxford: Elsevier, 2005. ISBN 9780750663793}
      \bibdef[compl]{Silva, Clarence W. de. Mechatronic Systems: devices, design, control, operation and monitoring. Boca Raton: CRC, 2008. ISBN 9780849607751}



%%%%%%
%%%%%%
%



      \classremark{MUDA súmula, etapa, disciplina nova}

      \bibdef{Cetinkunt S.. Mechatronics with Experiments. New Delhi, India: Wiley, 2015. ISBN 9781118802465}
      \bibdef{Horowitz P., Hill W.. The Art of Electronics. New York, USA: Cambridge, 2015. ISBN 9780521809269}
      \bibdef{Russell K., Shen Q., Sodhi R.S.. Kinematics and Dynamics of Mechanical Systems: Implementation in MATLAB® and SimMechanics®. Boca Raton, FL, USA: CRC Press, 2015. ISBN 9781498724937}

      \bibdef[basic]{Clarence W. de Silva. Mechatronics: an integrated Approach. Boca Raton: CRC, 2006. ISBN 0849312744}
      \bibdef[basic]{Robert C. Junival e Kurt M. Marshek. Fundamentos do Projeto de Componentes de Máquinas. Rio de Janeiro: LTC, 2008}
      \bibdef[basic]{Robert H. Bishop. The Mechatronics Handbook. Boca Raton: CRC, 2002. ISBN 0-8493-0066-5}

      \bibdef[compl]{Clarence W. de Silva. Mechatronic Systems: devices, design, control, operation and monitoring. Boca Raton: CRC, 2008. ISBN 978-0-8496-0775-1}
      \bibdef[compl]{Godfrey C. Onwubolu. Mechatronics: principles and applications. Oxford: Elsevier, 2005. ISBN 0-7506-6379-0}
      \bibdef[compl]{Robert H. Bishop. Mechatronic System Control, Logic, and Data Acquisition. Boca Raton: CRC, 2008. ISBN 978-0-8493-9260-3}

%%%%%%
%%%%%%
%



      \bibdef{Faceli, Katti; Lorena, Ana C.; Gama, João; Carvalho, Andre C.P. Inteligêcia Artificial: Uma Abordagem de Aprendizado de Máquina. Rio de Janeiro: LTC, 2011}
      \bibdef{Russell, Stuart Jonathan; Norvig, Peter. Artificial intelligence: a modern approach. EUA: Prentice-Hall, 2010. ISBN 0136042597}
      \bibdef{Sutton, Richard; Barto, Andrew. Reinforcement Learning: An Introduction. Cambridge: MIT Press, 1999. ISBN 0262193981}

      \bibdef[basic]{Haykin, Simon; Engel, Paulo Martins. Redes neurais :princípios e prática. Porto Alegre: Bookman, 2001. ISBN 8573077182}

      \bibdef[compl]{Aurélien Géron. Hands-On Machine Learning with Scikit-Learn, Keras, and Tensorflow. USA: O'Reilly Media, 2022. ISBN 9781098122485}
      \bibdef[compl]{Haykin, Simon. Neural networks and learning machines. New York: Prentice Hall, c2009. ISBN 9780131471399}

%%%%%%
%%%%%%
%



      \bibdef{Eiben, Agoston E.; Smith, James E.. Introduction to evolutionary computing. Berlin: Springer, c 2003. ISBN 97835401841}
      \bibdef{Michalewicz, Zbigniew. Genetic algorithms data structures = evolution programs. Berlin: Springer-Verlag, 1999. ISBN 3540606769}
      \bibdef{Peitgen, Heinz-Otto; Jurgens, Hartmut; Saupe, Dietmar. Chaos and fractals: new frontiers of science. New York: Springer-Verlag, c1992. ISBN 0387979034}

      \bibdef[basic]{Barone,Dante. Sociedades Artificiais - A nova fronteira da Inteligência nas Máquinas. Porto Alegre: Bookman, 2003. ISBN 8536301244}
      \bibdef[basic]{Fogel, David B.. Evolutionary computation :toward a new philosophy of machine intelligence. New York: IEEE, c2000. ISBN 078035379X}
      \bibdef[basic]{Jones, M. Tim. Artificial Intelligence :a systems approach. Usa: Jones and Bartlett Publishers, 2008. ISBN 9780763773373}
      \bibdef[basic]{Mitchell,Melanie. An Introduction to genetic algorithms. Cambridge: Mit Press, c1996. ISBN 3540606769}


%%%%%%
%%%%%%
%



      \bibdef{Casarotto Filho, Nelson; Kopittke, Bruno Hartmut. Análise de investimentos :matemática financeira, engenharia econômica, tomada de decisão, estratégia empresarial. São Paulo: Atlas, 2007. ISBN 9788522448012}

      \bibdef[basic]{Blank, Leland T.; Tarquin, Anthony. Engenharia econômica. [S.l.]: McGrawHill, 2008. ISBN 8577260267; 9788577260263}
      \bibdef[basic]{Dal Zot, Wili Alberto Brancks. Matemática financeira. [Porto Alegre]: Ed. da UFRGS, [2008]. ISBN 9788570259943; 9788570259950 (CD)}
      \bibdef[basic]{Gitman, Lawrence J.; Sanvicente, Antonio Zoratto. Princípios de administração financeira. São Paulo: Pearson/Addison Wesley, 2004. ISBN 8588639122; 9788588639126}
      \bibdef[basic]{Hirschfeld, Henrique. Engenharia econômica e análise de custos. São Paulo: Atlas, 1998. ISBN 8522417970}
      \bibdef[basic]{Ross, Stephen A.; Westerfield, Randolph W.; Jaffe, Jeffrey F.; Sanvicente, Antonio Zoratto. Administração financeira. São Paulo: Atlas, 2002. ISBN 8522429421; 9788522429424}

%%%%%%
%%%%%%
%



      \classremark{MUDA pré-requisitos}

      \bibdef{Mário Campos e Herbert Teixeira. Controles Típicos de Equipamentos e Processos Indsutriais. São Paulo, SP: Editora Edgar Blücher, 2006. ISBN 85-212-0398-5}

      \bibdef[basic]{Bela G. Lipták. Instrument Engineers' Handbook : Process Control. USA: Chilton Book Co, 1995. ISBN 0-8019-8242-1}
      \bibdef[basic]{Bela G. Lipták (Ed.). Instrument Engineers' Handbook : Process Measurement and Analysis. USA: Chilton, 1995. ISBN 0-8019-8197-2}

%%%%%%
%%%%%%
%



      \bibdef{B.A. Ogunnaike, W. H. Ray. Process Dynamics, Modeling, and Control. New York, Oxford: Oxford University Press, 1994. ISBN 0195091191}
      \bibdef{Campos, Mario Cesar M. Massa de; Teixeira, Herbert C.G.. Controles típicos de equipamentos e processos industriais. São Paulo: Edgard Blücher, 2006. ISBN 8521203985}
      \bibdef{D.E. Seborg, T.F. Edgar, D.A. Mellichamp. Process Dynamics and Control. John Wiley, 2004. ISBN ISBN: 978-0-471-00077-8}

      \bibdef[basic]{Luyben, William L.. Process modeling, simulation, and control for chemical engineers. Boston, Mass.: Mcgraw-Hill, c1990. ISBN 0070391599}
      \bibdef[basic]{W.S. Levine (Ed.). The Control Handbook. CRC Press, 1996}

      \bibdef[compl]{Foust, Alan S.; Wenzel, Leonard A.; Clump, Curtis W.; Maus, Louis; Andersen, L. Bryce. Princípios das operações unitárias. Rio de Janeiro: Guanabara Dois, c1980, 1982. ISBN 8521610386, 9788521610380}
      \bibdef[compl]{Macintyre, Archibald Joseph. Bombas e instalações de bombeamento. Rio de Janeiro: LTC, c1997. ISBN 8521610866; 9788521610861}
      \bibdef[compl]{Mccabe, Warren L.; Smith, Julian C.; Harriott, Peter. Unit operations of chemical engineering. New York, N.Y.: McGraw-Hill, c2005. ISBN 0072848235}
      \bibdef[compl]{Perry, Robert H.; Green, Don W.. Perry's chemical engineers handbook. New York: McGraw-Hill, 2007. ISBN 0071422943}
      \bibdef[compl]{Welty, James R.; Wicks, Charles E.. Fundamentals of momentum, heat and mass transfer. New York: John Wiley, 2007. ISBN 0470128682}

%%%%%%
%%%%%%
%



      \bibdef{CAMPELLO, Ana Regina, REZENDE, Patrícia Luiza Ferreira. Em defesa da escola bilíngue para surdos: a história de lutas do movimento surdo brasileiro. Curitiba: Educ. rev. [online], 2014}
      \bibdef{GESSER, Audrei. Libras? Que língua é essa?:Crenças e preconceitos em torno da língua de sinais e da realidade surda. São Paulo: Parábola, 2009. ISBN 9788579340017}
      \bibdef{QUADROS, Ronice Muller; KARNOPP, Lodenir Becker. Língua de Sinais Brasileira. Porto Alegre: Artmed, 2004. ISBN 9788536303086}

      \bibdef[basic]{BRASIL. Decreto nº 5.626, de 22 de dezembro de 2005. Regulamenta a Lei nº 10.436, de 24 de abril de 2002, que dispõe sobre a Língua Brasileira de Sinais - Libras, e o art. 18 da Lei nº 10.098, de 19 de dezembro de 2000. Brasília: Diário Oficial da União, 2005}
      \bibdef[basic]{BRASIL. Lei Federal 12.319, de 1º de setembro de 2010 - Regulamenta a profissão de Tradutor e Intérprete da Língua Brasileira de Sinais - LIBRAS. Brasília: Diário Oficial da União, 2010}
      \bibdef[basic]{BRASIL. Lei nº 10.436, de 24 de abril de 2002. Dispõe sobre a Língua Brasileira de Sinais-Libras e dá outras providências. Brasília: Diário Oficial da União, 2002}
      \bibdef[basic]{BRASIL. Lei nº 13.146, de 6 de julho de 2015. Institui a Lei Brasileira de Inclusão da Pessoa com Deficiência (Estatuto da Pessoa com Deficiência). Brasília: Diário Oficial da União, 2015}
      \bibdef[basic]{KARNOPP, Lodenir Becker. Língua de sinais brasileira: aspectos linguísticos. Porto Alegre: Moodle, 2014}
      \bibdef[basic]{PONTIN, Bianca Ribeiro; ROSA, Emiliana Faria. Movimento, história e Educação de Surdos. Porto Alegre: Moodle, 2014}
      \bibdef[basic]{PONTIN, Bianca Ribeiro; ROSA, Emiliana Faria. Surdos. Porto Alegre: Moodle, 2014}

      \bibdef[compl]{GOMES, Anie Pereira Goularte. O que significa essa tal de `cultura surda'? In: GOMES, Anie Pereira Goularte; HEINZELMANN, Renata Ohlson (orgs.). Cadernos Conecta Libras. Rio de Janeiro: Editora Arara Azul, 2015}
      \bibdef[compl]{KARNOPP, Lodenir Becker. Produções culturais de surdos: análise da literatura surda. In: Cadernos de Educação | FaE/PPGE/UFPel. Pelotas: UFPel, 2010}
      \bibdef[compl]{THOMA, Adriana da Silva; KLEIN, Madalena. Experiências educacionais, movimentos e lutas surdas como condições de possibilidade para uma educação de surdos no Brasil. Cadernos de Educação. FaE/PPGE/UFPel. Pelotas: UFPel, 2010}
      \bibdef[compl]{THOMA, Adriana da Silva; LOPES, Maura Corcini (Org). A invenção da surdez:cultura, identidade, identidades e diferença no campo da educação. Santa Cruz do Sul (RS): EDUNISC, 2004. ISBN 8575780794}



%%%%%%
%%%%%%
%



      \bibdef{Edwin K.P. Chong e Stanislaw H. Zak. An Introduction to Optimization. Wiley, 2001. ISBN 0-471-39126-3}
      \bibdef{Michael Bartholomew - Biggs. Nonlinear Optimization with Engineering Applications. Springer, 2008. ISBN 978-0-387-78722-0}
      \bibdef{Nocedal, Jorge, Wright, Stephen. Numerical Optimization. Springer, 2006. ISBN 978-0-387-40065-5}

      \bibdef[basic]{Andreas Antoniou e Wu-Sheng Lu. Pratical Optimization -- Algorithms and Engineering Applications. Springer, 2007. ISBN 0-387-71106-6}
      \bibdef[basic]{Edgar, Himmelblau. Optimization of Chemical Processes. McGraw-Hill, 2001. ISBN 0-07-039359-1}
      \bibdef[basic]{Eligius M.T. Hendrix e Boglárka G. Tóth. Introduction to Nonliear and Global Optimization. Springer, 2010. ISBN 978-0-387-88669-5}
      \bibdef[basic]{Lorenz T. Biegler. Nonlinear Programming: Concepts, Algorithms, and Applications to Chemical Processes. SIAM, 2010. ISBN 978-0-898717-02-0}

      \bibdef[compl]{Frank Neumann e Carsten Witt. Bioinspired Computation in Combinatorial Optimization. Springer, 2010. ISBN 978-3-642-16543-6}
      \bibdef[compl]{Stefan Schäffler. Global Optimization: A Stochastic Approach. Springer, 2012. ISBN 978-1-4614-3926-4}

%%%%%%
%%%%%%
%



      \bibdef{Müller, Cláudio J.. Modelo de Gestão Integrando Planejamento Estratégico, Sistemas de Avaliação de Desempenho e Gerenciamento de Processos (MEIO: Modelo de Estratégia, Indicadores e Operações). 2003}

      \bibdef[compl]{Ansoff, H. Igor; Declerck, Roger P.; Hayes, Robert L.. Do planejamento estratégico a administração estratégica. São Paulo: Atlas, 1990, c1985}
      \bibdef[compl]{Ansoff, H. Igor; Mcdonnell, Edward J.. Implantando a administração estratégica. São Paulo: Atlas, 1993. ISBN 8522409544}
      \bibdef[compl]{Campos, Vicente Falconi. Gerenciamento pelas diretrizes :(Hoshin Karin) : o que todo membro da alta administração precisa saber para entrar no terceiro milênio. Nova Lima: INDG, 2004. ISBN 8598254150}
      \bibdef[compl]{Certo, Samuel C.; Peter, J. Paul; Marcondes, Reynaldo Cavalheiro; Cesar, Ana Maria Roux. Administração estratégica :planejamento e implantação da estratégia. São Paulo: Pearson Prentice Hall, 2005. ISBN 8576050250; 9788576050254}
      \bibdef[compl]{Kaplan, Robert S.; Norton, David P.. A estratégia em ação. Rio de Janeiro: Campus/Elsevier, 1997. ISBN 8535201491; 9788535201499}
      \bibdef[compl]{Kaplan, Robert S.; Norton, David P.. Organização orientada para estratégia :como as empresas que adotam o Balanced Scorecard prosperam no novo ambiente de negócios. Rio de Janeiro: Campus, c2001. ISBN 8535207090; 9788535207095}
      \bibdef[compl]{Mintzberg, Henry; Ahlstrand, Bruce; Lampel, Joseph; Montingelli Júnior, Nivaldo; Rossi, Carlos Alberto Vargas. Safári de estratégia :um roteiro pela selva do planejamento estratégico. Porto Alegre: Bookman, 2000. ISBN 8573075414; 9788573075410}
      \bibdef[compl]{Naisbitt, John. Megatendencias, asia :oito megatendencias asiaticas que estao transformando o mundo. Rio de Janeiro: Campus, 1997. ISBN 853520119X}
      \bibdef[compl]{Oliveira, Djalma de Pinho Reboucas de. Excelência na administração estratégica :a competitividade para administrar o futuro das empresas : com depoimentos de executivos. São Paulo: Atlas, 1999. ISBN 8522423903}
      \bibdef[compl]{Paiva, Ely Laureano; Carvalho Junior, Jose Mario de; Fensterseifer, Jaime Evaldo; Hayes, Robert H.. Estratégia de produção e de operações :conceitos, melhores práticas, visão de futuro. Porto Alegre: Bookman, 2009. ISBN 9788577804948}
      \bibdef[compl]{Popcorn, Faith; Marigold, Lys. Click :16 tendências que irão transformar sua vida, seu trabalho e seus negócios no futuro. Rio de Janeiro: Campus, 1997. ISBN 8535201084}
      \bibdef[compl]{Porter, Michael E.. Vantagem competitiva :criando e sustentando um desempenho superior. Rio de Janeiro: Campus, c1989. ISBN 8570015585; 9788570015587}
      \bibdef[compl]{Porter, Michael E.; Braga, Elizabeth Maria de Pinho; Gomez, Jorge A. Garcia. Estratégia competitiva. Rio de Janeiro: Elsevier/Campus, c2004. ISBN 8535215263; 9788535215267}
      \bibdef[compl]{Prahalad, C. K.; Hamel, Gary. Competindo pelo futuro :estratégias inovadoras para obter o controle do seu setor e criar os mercados de amanhã. Rio de Janeiro: Elsevier, c2005. ISBN 9788535215441; 8535215441}
      \bibdef[compl]{Scott, Cynthia D.. Visão, valores e missão organizacional :construindo a organização do futuro. Rio de Janeiro: Qualitymark, 1998. ISBN 8573031891}
      \bibdef[compl]{Slack, Nigel; Corrêa, Sônia Maria; Correa, Henrique Luiz. Vantagem competitiva em manufatura :atingindo competitividade nas operações industriais. São Paulo, SP: Atlas, 2002. ISBN 8522432600}
      \bibdef[compl]{Thompson Jr., Artur A.. Administração estratégica. São Paulo: McGraw-Hill, 2008. ISBN 8586804908}
      \bibdef[compl]{Valadares, Maurício C.B.. Planejamento estratégico empresarial: foco em clientes e pessoas. Rio de Janeiro: Qualitymark, 2002. ISBN 8573033274}
      \bibdef[compl]{Vasconcellos Filho, Paulo de; Pagnoncelli, Dernizo. Construindo estratégias para vencer! :um método prático, objetivo e testado para o sucesso da sua empresa. Rio de Janeiro: Elsevier, 2001. ISBN 8535207678; 9788535207675}


%%%%%%
%%%%%%
%




%%%%%%
%%%%%%
%




%%%%%%
%%%%%%
%




%%%%%%
%%%%%%
%



      \bibdef{Aaron Martinez and Enrique Fernández. Learning ROS for Robotics Programming. Birmingham, UK: Packt Publishing, 2013. ISBN 978-1-78216-144-8}
      \bibdef{King Sun Fu and R. C. Gonzales and C. S. George Lee. Robotics Control, Sensing, Vision and Intelligence. McGraw-Hill, 1987. ISBN 0-07-022625-3}

      \bibdef[basic]{Anis Koubaa. Robot Operating System (ROS): The Complete Reference. Switzerland: Springer International Publishing, ISBN 978-3-319-26052-5}
      \bibdef[basic]{Jason M. O'Kane. A Gentle Introduction to ROS. CreateSpace Independent Publishing Platform, 2013. ISBN 978-1492143239}
      \bibdef[basic]{Patrick Goebel. ROS by Example. Raleigh, NC: Lulu, 2013}


%%%%%%
%%%%%%
%



      \bibdef{John J. Craig. Robótica. São Paulo: Pearson, 2012. ISBN 978-85-8143-128-4}
      \bibdef{NOF, S. Y. Handbook of Industrial Robotics. John Wyley, ISBN 0-471-17783-0}

      \bibdef[basic]{Sciavicco, L; Siciliano, B. Modelling and Control of Robot Manipulators. Springer, ISBN 1852332212}

      \bibdef[compl]{Fu, K.S.; Gonzalez, R. C.; Lee, C.S.G.. Robotics Control, Sensing, Vision an Intelligence. McGraw-Hill, ISBN 0-07-022625-3}
      \bibdef[compl]{Groover, M. P, Weiss, M., Nagel, R. N.; Odrey, N. G.. Industrial Robotics Technology, Programming and Applications. McGraw- Hill Inc, ISBN 0-07-024989}




%%%%%%
%%%%%%
%



      \bibdef{LATOMBE, J.-C. Robot Motion Planning. Boston, MA: Kluwer Academic Publishers, 1991. n.124. (Kluwer International Series in Engineering and Computer Science).}
      \bibdef{NEWMAN, W. A Systematic Approach to Learning Robot Programming with ROS. Boca Raton, FL: CRC Press, 2018.}
      \bibdef{THRUN, S.; BURGARD, W.; FOX, D. Probabilistic Robotics. Cambridge, MA: MIT Press, 2005. (Intelligent Robotics and Autonomous Agents Series).}

      \bibdef[basic]{FU, K. S.; GONZALES, R. C.; LEE, C. S. G. Robotics Control, Sensing, Vision and Intelligence. New York: McGraw-Hill, 1987. (Industrial Engineering Series).}
      \bibdef[basic]{MURRAY, R. M.; LI, Z.; SASTRY, S. S. Mathematical Introduction to Robotic Manipulation.Boca Raton, FL: CRC Press, 1994.}

      \bibdef[compl]{BROWN, R. G. Introduction to Random Signal Analysis and Kalman Filtering. New York: John Wiley \& Sons, 1983.}
      \bibdef[compl]{EVERETT, H. R. Sensors for Mobile Robots: theory and application. Natick, MA: A. K. Peters, 1995.}

%%%%%%
%%%%%%
%



      \bibdef{A. Burns and A. Wellings. Real-Time Systems and Programming Languages. Reading, MA: Addison-Wesley, 2001. ISBN 0201729881.}
      \bibdef[basic]{Andrew S. Tanenbaum. Modern Operating Systems. Englewood-Clifs, NJ: Prentice-Hall, 2001. ISBN 0130313580.}
      \bibdef[basic]{W. Richard Stevens , Stephen A. Rago. Advanced Programming in the UNIX Environment. Reading, MA: Addison-Wesley, 2005. ISBN 0201433079.}
      \bibdef[compl]{Bjarne Stroustrup. The C Programming Language. Reading, MA: Addison-Wesley, 1997. ISBN 0-201-32755-4.}
      \bibdef[compl]{Bjarne Stroustrup. The Design and Evolution of C. Reading, MA: Addision-Wesley, 1993. ISBN 0201543303.}
      \bibdef[compl]{M. Ben-ari. Principles of Concurrent Programming. Reading, MA: Addison-Wesley, 2006. ISBN 0-321-31283-X.}


%%%%%%
%%%%%%
%



      \bibdef[basic]{Chen, C.T. - Linear System Theory and Design. 3ª edição, Oxford University Press, 1999}
      \bibdef[basic]{Lipschutz, S. - Álgebra Linear. 2ª Edição, McGraw-Hill, 1978}
      \bibdef[basic]{Strang, G. ? Linear Álgebra and its Applications, 3a edição, Harcourt Brace Jovanovich College Publishers, 1988}

      \bibdef[compl]{Zadeh, L.A; Desoer, C.A. - Linear Systems Theory. Springer-Verlag, 1979}
      \bibdef[compl]{Kailath, T. ? Linear Systems. Prentice Hall, Rnglewood Cliffs, N.J., 1980}
      \bibdef[compl]{Haykin, S.; Van Veen, B. - Sinais e Sistemas. Bookman, Porto Alegre, 2001}
      \bibdef[compl]{Boldrini, J.L.; Costa, S.I.R.; Figueiredo, V.L.; Wetzler, H.G. - Álbebra Linear. 3ª Edição, Harbra, 1984}
      \bibdef[compl]{Steinbruch, A.; Winterle, P. - Álgebra Linear. McGraw-Hill, 1987}

%%%%%%
%%%%%%
%



      \bibdef[basic]{H. K. Khalilk. Nonlinear Systems. 2ª Edição, Prentice-Hall, 1996}
      \bibdef[basic]{S. Sastry. Nonlinear Systems. Springer, 1999}

      \bibdef[compl]{R. Sepulchre ans M. Jankovic and P. Kokotovic. Constructive Nonlinear Control. Springer, 1997}
      \bibdef[compl]{R. Seydel. Practical bifurcation and stability analysis. Springer, 1994}
      \bibdef[compl]{J. J. Slotine and W. Li. Applied Nonlinear Control. Prentice-Hall, 1991}
      \bibdef[compl]{E. J. Davison and E. M. Kurak. A computacional method for determining quadratic Lyapunov functions for nonlinear systems. Automatica, 7:627-636, 1971}
      \bibdef[compl]{R. Genesio and M. Tartaglia and A. Vicino. On the estimation of asymptotic stability regions: state of the art and nem proposals. IEEE Transactions on Automatic Control, 30:747-755, 1985}
      \bibdef[compl]{H.-D. Chiang and IF.F Wu and P.P Varaya. Foundations of direct methods for power system transiente stability analysis. IEEE Transactions on Circuits and Systems, 34, 1987}
      \bibdef[compl]{A. S. Bazanella and C. L. Conceicao. Transient stability improvement through excitation control. International Journal of Robust and Nonlinear Control, 14:891-910, 2004}
      \bibdef[compl]{D. F. Coutinho and A. S. Bazanella amnd A. Trofino and A. Silveira e Silva. Stability analisys and controlo f a class of a differential-algebraiic nonlinear systems. International Journal of Robust and Nonlinear Control, 14:1301-1326, 2004}
      \bibdef[compl]{A. S. Bazanella, A. S. e Silva, and P. V. Kokotovic. Lyapunov design of excitation control for synchronous machines. Decision and Control, 1997. Proceedings of the 36th IEEE Conference on, 1:211-216 vol. 1, 10-12 Dec 1997}
      \bibdef[compl]{A. S. Bazanella, P. Kokotovic, and A.S. e Silva. A dynamics extension for LgV controllers. IEEE Transaction on Automatic Control, 44:588-592, 1999}
      \bibdef[compl]{A. S. Bazanella and R. Reginatto. Robustness margins for indirect field oriented controlo f induction motors. IEEE Transactions on Automatic Control, 45:1226-1231, 2000}
      \bibdef[compl]{Jr. Gomes da Silva, J. M., S. Tarbouriech, and R. Reginatto. Analysis of regions of
stability for linear systems with saturating inputs through na anti-windup scheme. Control Applications, 2002. Proceedings of the 2002 International Conference on, 2:1106-1111 vol. 2, 2002}
      \bibdef[compl]{J. M. Gomes da Silva Jr. And M. Z. Oliveira and D. F. Coutinho and S. Tarbouriech. Static anti-windup design for a classe of nonlinear systems. International Journal of Robust and Nonlinear Control, 24:793:810, 2014}
      \bibdef[compl]{M. G . LArios, R. Ortega, and A. S. Bazanella. An energy-shaping approach to the design of excitation controlo f synchronous generators. Automatica, 39:111-119, 2003}
      \bibdef[compl]{R. Reginatto and A. S. Bazanella. Robust tuning of the speed loop in indirect field oriented control of induction motors. Automatic, 37:1811-1818, 2001}


%%%%%%
%%%%%%
%



      \bibdef[basic]{C.T. Chen. Linear Systems Theory and Design. Holt, Rinehart and Wiston, 1984}
      \bibdef[basic]{T. Kailath. Linear Systems. Prentice-Hall-Inc., 1980}
      \bibdef[basic]{J.M. Maciejowski. Multivariable Feedback Design. Adison-Wesley, 1990}
      \bibdef[basic]{H. Kwakernak, R. Sivan. Linear Optimal Control. Wiley, N.Y., 1972}
      \bibdef[basic]{W.M. Wonham. Linear Multivariable Control, a geometric Approach. Springer-Verlag, 1979}
      \bibdef[basic]{P. Dorato, C. Abdallah, V. Cerone. Linear-Quadratic Control - An Introduction. Prentice-Hall, 1995}
      \bibdef[basic]{K. Zhou, J. Doyle, K. Glover. Robust and Optimal Control. Prentice-Hall-Inc}

%%%%%%
%%%%%%
%







%%%%%%%%%%%%%%%%%%%
%%%%%%%%%%%%%%%%%%%
%%%%%
%%%%%  Curricula
%%%%%
%%%%%%%%%%%%%%%%%%%
%%%%%%%%%%%%%%%%%%%

\currdef{CCA-FEO}{FEO CCA}{Formação Essencial Obrigatória - CCA}


%%%%%%%%%%%%%%%%%%%
%%%%%%%%%%%%%%%%%%%
%%%%%
%%%%%  Etapa 01
%%%%%
%%%%%%%%%%%%%%%%%%%
%%%%%%%%%%%%%%%%%%%
\semdef{Etp.01}{Etapa 01}{1}

  \addclass{-2}{INF01202}{ob}
  \addclass{-3}{MAT01353}{ob}
  \addclass{-10}{FIS01181}{ob}
  \addclass{-1}{ARQ03317}{ob}
  \addclass{-8}{CCA99001}{ob}
  \addclass{-5}{QUI01009}{ob}

%%%%%%%%%%%%%%%%%%%
%%%%%%%%%%%%%%%%%%%
%%%%%
%%%%% Etapa 02
%%%%%
%%%%%%%%%%%%%%%%%%%
%%%%%%%%%%%%%%%%%%%
\semdef{Etp.02}{Etapa 02}{2}

  \addclass{-4}{MAT01355}{ob}
    \depdef{MAT01353}
  \addclass{-5}{MAT01354}{ob}
    \depdef{MAT01353}
  \addclass{-1}{ARQ03319}{ob}
    \depdef{ARQ03317}
  \addclass{-10}{FIS01182}{ob}
    \depdef{FIS01181}
  \addclass{-8}{ENG03041}{ob}
    \depdef[A]{MAT01353}
    \depdef{CCA99001}
    \depdef[-A]{FIS01181}
  \addclass{-2}{INF01057}{ob}
    \depdef{INF01202}

%%%%%%%%%%%%%%%%%%%
%%%%%%%%%%%%%%%%%%%
%%%%%
%%%%% Etapa 03
%%%%%
%%%%%%%%%%%%%%%%%%%
%%%%%%%%%%%%%%%%%%%
\semdef{Etp.03}{Etapa 03}{3}

  \addclass{-11}{ENG10001}{ob}
    \depdef{FIS01182}
    \depdef{MAT01354}
  \addclass{-5}{MAT01167}{ob}
    \depdef{MAT01355}
    \depdef{MAT01354}
  \addclass{-10}{FIS01183}{ob}
    \depdef{FIS01182}
  \addclass{-7}{ENG03043}{ob}
    \depdef{QUI01009}
  \addclass{-8}{ENG03042}{ob}
    \depdef{ENG03041}
  \addclass{-3}{MAT02219}{ob}
    \depdef{MAT01353}
  \addclass{-12}{ENG10042}{ob}
    \depdef*{44 cred.ob.}

%%%%%%%%%%%%%%%%%%%
%%%%%%%%%%%%%%%%%%%
%%%%%
%%%%% Etapa 04
%%%%%
%%%%%%%%%%%%%%%%%%%
%%%%%%%%%%%%%%%%%%%
\semdef{Etp.04}{Etapa 04}{4}

  \addclass{-4.4}{MAT01169}{ob}
    \depdef[-30:0]{INF01202}
    \depdef{MAT01167}
  \addclass{-11}{ENG10002}{ob}
   \depdef{ENG10001}
   \depdef{MAT01167}
  \addclass{-12}{ENG10043}{ob}
    \depdef{ENG10042}
  \addclass{-5.4}{MAT01168}{ob}
    \depdef[-A]{MAT01167}
  \addclass{-7}{ENG03092}{ob}
    \depdef[A]{ENG03043}
    \depdef[B]{ENG03041}
  \addclass{-8}{ENG03316}{ob}
    \depdef{ENG03042}
  \addclass{-9}{ENG03044}{ob}
    \depdef{MAT01167}
    \depdef{FIS01183}
    \depdef{ENG10001}

%%%%%%%%%%%%%%%%%%%
%%%%%%%%%%%%%%%%%%%
%%%%%
%%%%% Etapa 05
%%%%%
%%%%%%%%%%%%%%%%%%%
%%%%%%%%%%%%%%%%%%%
\semdef{Etp.05}{Etapa 05}{5}

  \addclass{-12}{ENG10044}{ob}
    \depdef{ENG10002}
  \addclass{-11}{ENG10003}{ob}
    \depdef{ENG10002}
  \addclass{-5}{ENG03004}{ob}
    \depdef{ENG03092}
    \depdef{MAT01169}
  \addclass{-4}{ENG10017}{ob}
    \depdef{MAT01168}
  \addclass{-10}{ENG07086}{ob}
    \depdef{FIS01183}
  \addclass{-6.4}{ENG10026}{alt}
    \depdef{ENG03316}
  \addclass{-9}{ENG03380}{alt}
    \depdef{ENG03316}


%%%%%%%%%%%%%%%%%%%
%%%%%%%%%%%%%%%%%%%
%%%%%
%%%%% Etapa 06
%%%%%
%%%%%%%%%%%%%%%%%%%
%%%%%%%%%%%%%%%%%%%
\semdef{Etp.06}{Etapa 06}{6}

  \addclass{-11}{ENG10047}{ob}
    \depdef{ENG10002}
  \addclass{-10}{ENG10022}{ob}
    \depdef[A]{MAT02219}
    \depdef{ENG10044}
  \addclass{-13}{ENG10045}{ob}
    \depdef[-A]{ENG10044}
    \depdef[-A]{ENG10003}
  \addclass{-8}{ENG07069}{ob}
    \depdef{ENG07086}
  \addclass{-12}{ENG10023}{ob}
    \depdef[B]{INF01057}
    \depdef[-A]{ENG10043}
  \addclass{-4}{ENG10004}{ob}
    \depdef{ENG10017}
    \depdef[30:-70]{ENG03044}

%%%%%%%%%%%%%%%%%%%
%%%%%%%%%%%%%%%%%%%
%%%%%
%%%%% Etapa 07
%%%%%
%%%%%%%%%%%%%%%%%%%
%%%%%%%%%%%%%%%%%%%
\semdef{Etp.07}{Etapa 07}{7}

  \addclass{-13}{ENG10049}{ob}
    \depdef{ENG10047}
    \depdef[-A]{ENG10045}
  \addclass{-2}{ENG10005}{ob}
    \depdef{ENG10004}
  \addclass{-14}{ENG04475}{ob}
    \depdef[-A]{ENG10043}
    \depdef[-A]{ENG10044}
  \addclass{-8}{ENG03021}{ob}
    \depdef[A]{ENG03043}
  \addclass{-12}{ENG10048}{ob}
    \depdef{ENG10023}
  \addclass{-3}{ENG10018}{ob}
    \depdef{ENG10004}
  \addclass{-11}{ENG03027}{ob}
   \depdef{ENG07069}

%%%%%%%%%%%%%%%%%%%
%%%%%%%%%%%%%%%%%%%
%%%%%
%%%%% Etapa 08
%%%%%
%%%%%%%%%%%%%%%%%%%
%%%%%%%%%%%%%%%%%%%
\semdef{Etp.08}{Etapa 08}{8}

  \addclass{-7}{ENG03045}{ob}
    \depdef{ENG03004}
    \depdef[-A]{ENG03021}
  \addclass{-4}{ENG07042}{ob}
    \depdef{ENG07069}
    \depdef[-A]{ENG10018}
  \addclass{-5}{ENG10019}{ob}
    \depdef{ENG10004}
    \depdef[-A]{ENG04475}
  \addclass{-6}{ENG03387}{ob}
    \depdef{ENG03021}
  \addclass[darkred]{-8}{ENG03386}{el}[Obrigatória na Grade Sistemas Discretos CAD/CAM, eletiva nas demais]
    \depdef{ENG03021}
  \addclass[darkgreen]{-1}{ENG03046}{el}[Obrigatória na Grade Controle Avançado de Sistemas Mecânicos, eletiva nas demais]
    \depdef[B]{ENG03044}
    \depdef[A]{ENG10018}
    \depdef{ENG03027}
  \addclass[darkcyan]{-12}{ENG10027}{el}[Obrigatória na Grade Eletrônica de Potência e Acionamento, eletiva nas demais]
    \depdef{ENG10002}
    \depdef[-A]{ENG10044}

%%%%%%%%%%%%%%%%%%%
%%%%%%%%%%%%%%%%%%%
%%%%%
%%%%% Etapa 09
%%%%%
%%%%%%%%%%%%%%%%%%%
%%%%%%%%%%%%%%%%%%%
\semdef{Etp.09}{Etapa 09}{9}

  \addclass{-4}{ENG07087}{ob}
    \depdef{ENG07042}
  \addclass[darkred]{-10}{ENG10021}{el}[Obrigatória na Grade Sistemas Discretos CAD/CAM, eletiva nas demais]
    \depdef{ENG10023}
  \addclass[darkgreen]{-9}{ENG03047}{el}[Obrigatória na Grade Controle Avançado de Sistemas Mecânicos, eletiva nas demais]
    \depdef{ENG03044}
  \addclass[darkcyan]{-13}{ENG10050}{el}[Obrigatória na Grade Eletrônica de Potência e Acionamento, eletiva nas demais]
    \depdef{ENG10049}
  \addclass[darkcyan]{-14}{ENG10046}{el}[Obrigatória na Grade Eletrônica de Potência e Acionamento, eletiva nas demais]
    \depdef{ENG10044}
  \addclass{-8}{TCC/CCA - I}{ob}
    \depdef{ENG03027}
    \depdef{ENG10005}
    \depdef{ENG10048}
    \depdef{ENG10049}

%%%%%%%%%%%%%%%%%%%
%%%%%%%%%%%%%%%%%%%
%%%%%
%%%%% Etapa 10
%%%%%
%%%%%%%%%%%%%%%%%%%
%%%%%%%%%%%%%%%%%%%
\semdef{Etp.10}{Etapa 10}{10}

  %\addclass{-2}{ECO02063}{ob}
  \addclass{-2}{ENG03048}{ob}
    \depdef*{180 cred.ob.}  
  \addclass{-3}{ENG03010}{ob}
    \depdef*{180 cred.ob.}  
  \addclass{-5}{TCC/CCA - II}{ob}
    \depdef[-A]{TCC/CCA - I}
    \depdef[-A]{ENG03045}
    \depdef[-A]{ENG07042}
    \depdef[-A]{ENG10019}
      %\depdef[-A]{ENG03046}
      %\depdef[-A]{ENG03047}
			%\altdep
      %\depdef[-A]{TCC/CCA - I}
      %\depdef[-A]{ENG10027}
      %\depdef[-A]{ENG10050}
      %\depdef[-A]{ENG10046}

%%%%%%%%%%%%%%%%%%%
%%%%%%%%%%%%%%%%%%%
%%%%%
%%%%% Etapa Eletivas
%%%%%
%%%%%%%%%%%%%%%%%%%
%%%%%%%%%%%%%%%%%%%
\semdef{Adicionais}{Adicionais}{11}

  \addclass{-1}{CCA99008}{ad}[Disciplina com 100 Horas CHE]
    \depdef{ENG03316}
    \depdef{ENG03044}
    \depdef{ENG10003}
    \depdef{ENG10042}
    \depdef{ENG07086}
  \addclass{-10}{CCA99009}{ad}[Disciplina com 100 Horas CHE]
    \depdef{CCA99008}
    \depdef[-A]{ENG10004}
    \depdef[-A]{ENG10023}
    \depdef[-A]{ENG04475}
    \depdef[-A]{ENG10022}
    \depdef[-A]{ENG03021}
    \depdef[-A]{ENG07069}
  \addclass{-10}{CCA99010}{ad}[Disciplina com 100 Horas CHE]
    \depdef[A]{CCA99009}
    
    
\semdef{Eletivas}{Eletivas}{12}
  \addclass{-10}{INF1017}{el}
    \depdef{INF01057}
    \depdef*{100 cred.ob.}
  \addclass{-2}{INF01037}{el}
    \depdef{INF01057}
    \depdef*{100 cred.ob.}
  \addclass{-3}{ADM01135}{el}
    \depdef{MAT02219}
  \addclass{-4}{ENG07043}{el}
    %\depdef{ENG07031-}
    \depdef{ENG07069}
    \depdef{ENG10018}
  \addclass{-5}{ENG07012}{el}
    \depdef{ENG07042}
  \addclass{-6}{EDU03071}{el}
  \addclass{-7}{ENG07062}{el}
    \depdef{ENG07042}
  \addclass{-8}{ENG09023}{el}
    \depdef{ENG03021}
  \addclass{-11}{CCA99005}{el}
  \addclass{-12}{CCA99006}{el}
  \addclass{-13}{CCA99007}{el}
  \addclass{-15}{ENG10051}{el}
    \depdef{ENG10004}
    \depdef{ENG10026}
  	\altdep
    \depdef{ENG10004}
    \depdef{ENG03380}
  \addclass{-16}{ENG10052}{el}
    \depdef{ENG10026}
  	\altdep
    \depdef{ENG03380}
  \addclass{-17}{ENG10xxa}{el}
    \depdef{INF01057}
    \depdef{MAT02219}
    \depdef{ENG10017}
  \addclass{-17}{ENG10xxB}{el}
    \depdef{ENG04475}
  \addclass{-18}{ELE223}{el}
    \depdef{ENG10017}
  \addclass{}{ELE312}{el}
    \depdef{ELE223}
  \addclass{}{ELE216}{el}
    \depdef{ENG10018}
	\altdep
    \depdef{ELE223}
  \addclass{}{ELExxx}{el}
    \depdef{ENG10017}
    \depdef{MAT02219}


